[
  {
    "timestamp": "2024-07-09T11:35:20.211Z",
    "status": "success",
    "productURL": "https://www.woolworths.com.au/shop/productdetails/233833/allen-s-minties-mint-chewy-lollies-family-size-bag",
    "product": {
      "TileID": 0,
      "Stockcode": 233833,
      "Barcode": "9300605148642",
      "GtinFormat": 13,
      "CupPrice": 1.94,
      "InstoreCupPrice": 1.94,
      "CupMeasure": "100G",
      "CupString": "$1.94 / 100G",
      "InstoreCupString": "$1.94 / 100G",
      "HasCupPrice": true,
      "InstoreHasCupPrice": true,
      "Price": 6.5,
      "InstorePrice": 6.5,
      "Name": "Allen's Minties Mint Chewy Lollies Family Size Bag",
      "DisplayName": "Allen's Minties Mint Chewy Lollies Family Size Bag 335g",
      "UrlFriendlyName": "allen-s-minties-mint-chewy-lollies-family-size-bag",
      "Description": " Allen's Minties Mint Chewy<br>Lollies Family Size... 335g",
      "SmallImageFile": "https://cdn0.woolworths.media/content/wowproductimages/small/233833.jpg",
      "MediumImageFile": "https://cdn0.woolworths.media/content/wowproductimages/medium/233833.jpg",
      "LargeImageFile": "https://cdn0.woolworths.media/content/wowproductimages/large/233833.jpg",
      "IsNew": false,
      "IsHalfPrice": false,
      "IsOnlineOnly": false,
      "IsOnSpecial": false,
      "InstoreIsOnSpecial": false,
      "IsEdrSpecial": false,
      "SavingsAmount": 0,
      "InstoreSavingsAmount": 0,
      "WasPrice": 6.5,
      "InstoreWasPrice": 6.5,
      "QuantityInTrolley": 0,
      "Unit": "Each",
      "MinimumQuantity": 1,
      "HasBeenBoughtBefore": false,
      "IsInTrolley": false,
      "Source": "ProductDetail",
      "SupplyLimit": 22,
      "ProductLimit": 36,
      "MaxSupplyLimitMessage": "22 item(s) left",
      "IsRanged": true,
      "IsInStock": true,
      "PackageSize": "335g",
      "IsPmDelivery": false,
      "IsForCollection": true,
      "IsForDelivery": true,
      "IsForExpress": true,
      "ProductRestrictionMessage": null,
      "ProductWarningMessage": null,
      "CentreTag": {
        "TagContent": null,
        "TagLink": null,
        "FallbackText": null,
        "TagType": "None",
        "MultibuyData": null,
        "MemberPriceData": null,
        "TagContentText": null,
        "DualImageTagContent": null,
        "PromotionType": "NOT_SET",
        "IsRegisteredRewardCardPromotion": false
      },
      "IsCentreTag": false,
      "ImageTag": {
        "TagContent": null,
        "TagLink": null,
        "FallbackText": "",
        "TagType": "None",
        "MultibuyData": null,
        "MemberPriceData": null,
        "TagContentText": null,
        "DualImageTagContent": null,
        "PromotionType": "NOT_SET",
        "IsRegisteredRewardCardPromotion": false
      },
      "HeaderTag": null,
      "HasHeaderTag": false,
      "UnitWeightInGrams": 358,
      "SupplyLimitMessage": "'Allen's Minties Mint Chewy Lollies Family Size Bag' has a supply limit of 22. The quantity in your cart has been reduced accordingly. To purchase a larger quantity, please contact us on 1800 000 610. Please note we do not supply trade orders.",
      "SmallFormatDescription": "Allen's Minties Mint Chewy Lollies Family Size Bag",
      "FullDescription": "Allen's Minties Mint Chewy Lollies Family Size Bag",
      "IsAvailable": true,
      "InstoreIsAvailable": true,
      "IsPurchasable": true,
      "InstoreIsPurchasable": true,
      "AgeRestricted": false,
      "DisplayQuantity": 1,
      "RichDescription": "ALLEN'S MINTIES Lollies Bag 335g<br><br>ALLEN'S MINTIES are refreshingly minty and chewy. Time to get your chew on with this fan favourite lolly! Grab this share bag and you will have plenty of MINTIES to go around at your next party.Tear along the edges of an open wrapper to make the longest Minties strip… we dare you!<br><br>No artificial colours or sweeteners<br><br>Proudly made in Australia<br><br>ALLEN'S has been a little bit of fun since 1891<br><br>This product has a health star rating of 1.5/5 stars",
      "HideWasSavedPrice": false,
      "SapCategories": {
        "SapDepartmentName": "GROCERIES",
        "SapCategoryName": "CONFECTIONERY",
        "SapSubCategoryName": "CONFEC SHARING - SUGAR",
        "SapSegmentName": "BULK - CHEW"
      },
      "Brand": "Allen's",
      "IsRestrictedByDeliveryMethod": false,
      "FooterTag": {
        "TagContent": null,
        "TagLink": null,
        "FallbackText": null,
        "TagType": "None",
        "MultibuyData": null,
        "MemberPriceData": null,
        "TagContentText": null,
        "DualImageTagContent": null,
        "PromotionType": "NOT_SET",
        "IsRegisteredRewardCardPromotion": false
      },
      "IsFooterEnabled": false,
      "Diagnostics": "0",
      "IsBundle": false,
      "IsInFamily": false,
      "ChildProducts": [],
      "UrlOverride": null,
      "AdditionalAttributes": {
        "boxedcontents": null,
        "addedvitaminsandminerals": "False",
        "sapdepartmentname": "GROCERIES",
        "spf": null,
        "haircolour": null,
        "lifestyleanddietarystatement": "Low Fat",
        "sapcategoryname": "CONFECTIONERY",
        "skintype": null,
        "importantinformation": null,
        "allergystatement": "Soy Free",
        "productdepthmm": null,
        "skincondition": null,
        "ophthalmologistapproved": null,
        "healthstarrating": "1.5",
        "hairtype": null,
        "fragrance-free": null,
        "sapsegmentname": "BULK - CHEW",
        "suitablefor": null,
        "PiesProductDepartmentsjson": "[{\"Id\":\"1_717445A\",\"Description\":\"Snacks & Confectionery\"}]",
        "piessubcategorynamesjson": "[\"Sweets, Lollies & Licorice\"]",
        "sapsegmentno": "8",
        "productwidthmm": null,
        "contains": null,
        "sapsubcategoryname": "CONFEC SHARING - SUGAR",
        "dermatologisttested": null,
        "wool_productpackaging": null,
        "dermatologicallyapproved": null,
        "specialsgroupid": null,
        "productimages": "233833.jpg,233833_2.jpg",
        "productheightmm": null,
        "r&r_hidereviews": null,
        "microwavesafe": "False",
        "paba-free": null,
        "lifestyleclaim": null,
        "alcoholfree": null,
        "tgawarning": null,
        "activeconstituents": null,
        "microwaveable": "False",
        "soap-free": null,
        "countryoforigin": null,
        "isexcludedfromsubstitution": "False",
        "productimagecount": "2",
        "r&r_loggedinreviews": null,
        "anti-dandruff": null,
        "servingsize-total-nip": null,
        "tgahealthwarninglink": null,
        "allergenmaybepresent": "Milk, Wheat, Gluten",
        "PiesProductDepartmentNodeId": "1_717445A",
        "parabenfree": "False",
        "vendorarticleid": null,
        "containsgluten": "False",
        "containsnuts": "False",
        "ingredients": "Ingredients   Glucose  Syrup, Canesugar,  Gelatine, Peppermint Oil, Vegetable Oils.    May Contain Wheat, Gluten, Milk.   Made in Australia.",
        "colour": null,
        "manufacturer": null,
        "sapcategoryno": "76",
        "storageinstructions": "Store Cool & Dry",
        "tgawarnings": null,
        "piesdepartmentnamesjson": "[\"Snacks & Confectionery\"]",
        "brand": "allen's",
        "oilfree": null,
        "fragrance": null,
        "antibacterial": "False",
        "non-comedogenic": null,
        "antiseptic": "False",
        "bpafree": "False",
        "vendorcostprice": null,
        "description": "ALLEN'S MINTIES Lollies Bag 335g<br><br>ALLEN'S MINTIES are refreshingly minty and chewy. Time to get your chew on with this fan favourite lolly! Grab this share bag and you will have plenty of MINTIES to go around at your next party.Tear along the edges of an open wrapper to make the longest Minties strip… we dare you!<br><br>No artificial colours or sweeteners<br><br>Proudly made in Australia<br><br>ALLEN'S has been a little bit of fun since 1891<br><br>This product has a health star rating of 1.5/5 stars",
        "sweatresistant": null,
        "sapsubcategoryno": "682",
        "antioxidant": "False",
        "claims": null,
        "phbalanced": null,
        "wool_dietaryclaim": null,
        "ophthalmologisttested": null,
        "sulfatefree": "False",
        "servingsperpack-total-nip": null,
        "piescategorynamesjson": "[\"Confectionery\"]",
        "nutritionalinformation": "{\"Name\":\"Nutritional Information\",\"Attributes\":[{\"Id\":705,\"Name\":\"Carbohydrate Quantity Per 100g - Total - NIP\",\"Value\":\"89.40g\",\"Description\":\"Carbohydrate Quantity Per 100g - Total - NIP\",\"SortOrder\":83},{\"Id\":706,\"Name\":\"Carbohydrate Quantity Per Serve - Total - NIP\",\"Value\":\"17.90g\",\"Description\":\"Carbohydrate Quantity Per Serve - Total - NIP\",\"SortOrder\":87},{\"Id\":759,\"Name\":\"Energy kJ Quantity Per 100g - Total - NIP\",\"Value\":\"1550.00kJ\",\"Description\":\"Energy kJ Quantity Per 100g - Total - NIP\",\"SortOrder\":239},{\"Id\":760,\"Name\":\"Energy kJ Quantity Per Serve - Total - NIP\",\"Value\":\"310.00kJ\",\"Description\":\"Energy kJ Quantity Per Serve - Total - NIP\",\"SortOrder\":243},{\"Id\":253,\"Name\":\"Fat Saturated Quantity Per 100g - Total - NIP\",\"Value\":\"1.00g\",\"Description\":\"Fat Saturated Quantity Per 100g - Total - NIP\",\"SortOrder\":251},{\"Id\":258,\"Name\":\"Fat Saturated Quantity Per Serve - Total - NIP\",\"Value\":\"0.20g\",\"Description\":\"Fat Saturated Quantity Per Serve - Total - NIP\",\"SortOrder\":255},{\"Id\":764,\"Name\":\"Fat Total Quantity Per 100g - Total - NIP\",\"Value\":\"1.00g\",\"Description\":\"Fat Total Quantity Per 100g - Total - NIP\",\"SortOrder\":263},{\"Id\":166,\"Name\":\"Fat Total Quantity Per 100g - ValueWord - NIP\",\"Value\":\"1.00\",\"Description\":\"Fat Total Quantity Per 100g - ValueWord - NIP\",\"SortOrder\":264},{\"Id\":264,\"Name\":\"Fat Total Quantity Per Serve - Total - NIP\",\"Value\":\"0.20g\",\"Description\":\"Fat Total Quantity Per Serve - Total - NIP\",\"SortOrder\":267},{\"Id\":878,\"Name\":\"Protein Quantity Per 100g - Total - NIP\",\"Value\":\"1.60g\",\"Description\":\"Protein Quantity Per 100g - Total - NIP\",\"SortOrder\":587},{\"Id\":882,\"Name\":\"Protein Quantity Per Serve - Total - NIP\",\"Value\":\"0.30g\",\"Description\":\"Protein Quantity Per Serve - Total - NIP\",\"SortOrder\":591},{\"Id\":477,\"Name\":\"Serving Size - Total - NIP\",\"Value\":\"20.00g\",\"Description\":\"Serving Size - Total - NIP\",\"SortOrder\":607},{\"Id\":544,\"Name\":\"Servings Per Pack - Total - NIP\",\"Value\":\"16.00\",\"Description\":\"Servings Per Pack - Total - NIP\",\"SortOrder\":611},{\"Id\":491,\"Name\":\"Sodium Quantity Per 100g - Total - NIP\",\"Value\":\"60.00mg\",\"Description\":\"Sodium Quantity Per 100g - Total - NIP\",\"SortOrder\":623},{\"Id\":495,\"Name\":\"Sodium Quantity Per Serve - Total - NIP\",\"Value\":\"12.00mg\",\"Description\":\"Sodium Quantity Per Serve - Total - NIP\",\"SortOrder\":627},{\"Id\":908,\"Name\":\"Sugars Quantity Per 100g - SuffixUnits - NIP\",\"Value\":\"g\",\"Description\":\"Sugars Quantity Per 100g - SuffixUnits - NIP\",\"SortOrder\":646},{\"Id\":909,\"Name\":\"Sugars Quantity Per 100g - Total - NIP\",\"Value\":\"55.40g\",\"Description\":\"Sugars Quantity Per 100g - Total - NIP\",\"SortOrder\":647},{\"Id\":910,\"Name\":\"Sugars Quantity Per 100g - ValueWord - NIP\",\"Value\":\"55.40\",\"Description\":\"Sugars Quantity Per 100g - ValueWord - NIP\",\"SortOrder\":648},{\"Id\":911,\"Name\":\"Sugars Quantity Per Serve - SuffixUnits - NIP\",\"Value\":\"g\",\"Description\":\"Sugars Quantity Per Serve - SuffixUnits - NIP\",\"SortOrder\":650},{\"Id\":912,\"Name\":\"Sugars Quantity Per Serve - Total - NIP\",\"Value\":\"11.10g\",\"Description\":\"Sugars Quantity Per Serve - Total - NIP\",\"SortOrder\":651},{\"Id\":572,\"Name\":\"Sugars Quantity Per Serve - ValueWord - NIP\",\"Value\":\"11.10\",\"Description\":\"Sugars Quantity Per Serve - ValueWord - NIP\",\"SortOrder\":652}]}",
        "ovencook": "False",
        "vegetarian": "False",
        "hypo-allergenic": null,
        "timer": null,
        "dermatologistrecommended": null,
        "sapdepartmentno": "5",
        "allergencontains": null,
        "waterresistant": null,
        "friendlydisclaimer": null,
        "recyclableinformation": null,
        "usageinstructions": null,
        "freezable": "False"
      },
      "DetailsImagePaths": [
        "https://cdn0.woolworths.media/content/wowproductimages/large/233833.jpg",
        "https://cdn0.woolworths.media/content/wowproductimages/large/233833_2.jpg"
      ],
      "Variety": "Family Size Bag",
      "Rating": {
        "ReviewCount": 0,
        "RatingCount": 0,
        "RatingSum": 0,
        "OneStarCount": 0,
        "TwoStarCount": 0,
        "ThreeStarCount": 0,
        "FourStarCount": 0,
        "FiveStarCount": 0,
        "Average": 0,
        "OneStarPercentage": 0,
        "TwoStarPercentage": 0,
        "ThreeStarPercentage": 0,
        "FourStarPercentage": 0,
        "FiveStarPercentage": 0
      },
      "HasProductSubs": false,
      "IsSponsoredAd": false,
      "AdID": null,
      "AdIndex": null,
      "AdStatus": null,
      "IsMarketProduct": false,
      "IsGiftable": false,
      "Vendor": null,
      "Untraceable": false,
      "ThirdPartyProductInfo": null,
      "MarketFeatures": null,
      "MarketSpecifications": null,
      "SupplyLimitSource": "StockQuantity",
      "Tags": null,
      "IsPersonalisedByPurchaseHistory": false,
      "IsFromFacetedSearch": false,
      "NextAvailabilityDate": "2024-07-11T00:00:00.0000000Z",
      "NumberOfSubstitutes": 0,
      "IsPrimaryVariant": false,
      "VariantGroupId": 0,
      "HasVariants": false,
      "VariantTitle": null,
      "IsTobacco": false,
      "IsB2BExtendedRangeSapCategory": false
    }
  },
  {
    "timestamp": "2024-07-09T11:35:20.359Z",
    "status": "error",
    "productURL": "https://www.woolworths.com.au/shop/productdetails/15210/alpine-fine-fine",
    "error": {}
  },
  {
    "timestamp": "2024-07-09T11:35:20.392Z",
    "status": "success",
    "productURL": "https://www.woolworths.com.au/shop/productdetails/804463/allpress-espresso-iced-coffee-mocha",
    "product": {
      "TileID": 0,
      "Stockcode": 804463,
      "Barcode": "9421907274331",
      "GtinFormat": 13,
      "CupPrice": 15.1,
      "InstoreCupPrice": 15.1,
      "CupMeasure": "1L",
      "CupString": "$15.10 / 1L",
      "InstoreCupString": "$15.10 / 1L",
      "HasCupPrice": true,
      "InstoreHasCupPrice": true,
      "Price": 14.5,
      "InstorePrice": 14.5,
      "Name": "Allpress Espresso Iced Coffee Mocha",
      "DisplayName": "Allpress Espresso Iced Coffee Mocha 240ml X 4 Pack",
      "UrlFriendlyName": "allpress-espresso-iced-coffee-mocha",
      "Description": " Allpress Espresso Iced<br>Coffee... 240mL x 4 pack",
      "SmallImageFile": "https://cdn0.woolworths.media/content/wowproductimages/small/804463.jpg",
      "MediumImageFile": "https://cdn0.woolworths.media/content/wowproductimages/medium/804463.jpg",
      "LargeImageFile": "https://cdn0.woolworths.media/content/wowproductimages/large/804463.jpg",
      "IsNew": false,
      "IsHalfPrice": false,
      "IsOnlineOnly": false,
      "IsOnSpecial": false,
      "InstoreIsOnSpecial": false,
      "IsEdrSpecial": false,
      "SavingsAmount": 0,
      "InstoreSavingsAmount": 0,
      "WasPrice": 14.5,
      "InstoreWasPrice": 14.5,
      "QuantityInTrolley": 0,
      "Unit": "Each",
      "MinimumQuantity": 1,
      "HasBeenBoughtBefore": false,
      "IsInTrolley": false,
      "Source": "ProductDetail",
      "SupplyLimit": 34,
      "ProductLimit": 36,
      "MaxSupplyLimitMessage": "34 item(s) left",
      "IsRanged": true,
      "IsInStock": true,
      "PackageSize": "240mL x 4 pack",
      "IsPmDelivery": false,
      "IsForCollection": true,
      "IsForDelivery": true,
      "IsForExpress": true,
      "ProductRestrictionMessage": null,
      "ProductWarningMessage": null,
      "CentreTag": {
        "TagContent": null,
        "TagLink": null,
        "FallbackText": null,
        "TagType": "None",
        "MultibuyData": null,
        "MemberPriceData": null,
        "TagContentText": null,
        "DualImageTagContent": null,
        "PromotionType": "NOT_SET",
        "IsRegisteredRewardCardPromotion": false
      },
      "IsCentreTag": false,
      "ImageTag": {
        "TagContent": null,
        "TagLink": null,
        "FallbackText": "",
        "TagType": "None",
        "MultibuyData": null,
        "MemberPriceData": null,
        "TagContentText": null,
        "DualImageTagContent": null,
        "PromotionType": "NOT_SET",
        "IsRegisteredRewardCardPromotion": false
      },
      "HeaderTag": null,
      "HasHeaderTag": false,
      "UnitWeightInGrams": 1080,
      "SupplyLimitMessage": "'Allpress Espresso Iced Coffee Mocha' has a supply limit of 34. The quantity in your cart has been reduced accordingly. To purchase a larger quantity, please contact us on 1800 000 610. Please note we do not supply trade orders.",
      "SmallFormatDescription": "Allpress Espresso Iced Coffee Mocha ",
      "FullDescription": "Allpress Espresso Iced Coffee Mocha ",
      "IsAvailable": true,
      "InstoreIsAvailable": true,
      "IsPurchasable": true,
      "InstoreIsPurchasable": true,
      "AgeRestricted": false,
      "DisplayQuantity": 1,
      "RichDescription": null,
      "HideWasSavedPrice": false,
      "SapCategories": {
        "SapDepartmentName": "GROCERIES",
        "SapCategoryName": "LIFESTYLE/WATER NON CARBONATED",
        "SapSubCategoryName": "SOFT DRINKS - ICED TEA",
        "SapSegmentName": "ICE TEA"
      },
      "Brand": "Allpress Espresso",
      "IsRestrictedByDeliveryMethod": false,
      "FooterTag": {
        "TagContent": null,
        "TagLink": null,
        "FallbackText": null,
        "TagType": "None",
        "MultibuyData": null,
        "MemberPriceData": null,
        "TagContentText": null,
        "DualImageTagContent": null,
        "PromotionType": "NOT_SET",
        "IsRegisteredRewardCardPromotion": false
      },
      "IsFooterEnabled": false,
      "Diagnostics": "0",
      "IsBundle": false,
      "IsInFamily": false,
      "ChildProducts": [],
      "UrlOverride": null,
      "AdditionalAttributes": {
        "boxedcontents": null,
        "addedvitaminsandminerals": "False",
        "sapdepartmentname": "GROCERIES",
        "spf": null,
        "haircolour": null,
        "lifestyleanddietarystatement": null,
        "sapcategoryname": "LIFESTYLE/WATER NON CARBONATED",
        "skintype": null,
        "importantinformation": null,
        "allergystatement": null,
        "productdepthmm": null,
        "skincondition": null,
        "ophthalmologistapproved": null,
        "healthstarrating": "1",
        "hairtype": null,
        "fragrance-free": null,
        "sapsegmentname": "ICE TEA",
        "suitablefor": null,
        "PiesProductDepartmentsjson": "[{\"Id\":\"1_5AF3A0A\",\"Description\":\"Drinks\"}]",
        "piessubcategorynamesjson": "[\"Iced Teas\"]",
        "sapsegmentno": "0",
        "productwidthmm": null,
        "contains": null,
        "sapsubcategoryname": "SOFT DRINKS - ICED TEA",
        "dermatologisttested": null,
        "wool_productpackaging": null,
        "dermatologicallyapproved": null,
        "specialsgroupid": null,
        "productimages": "804463.jpg,804463_1.jpg,804463_7.jpg,804463_8.jpg,804463_9.jpg",
        "productheightmm": null,
        "r&r_hidereviews": null,
        "microwavesafe": "False",
        "paba-free": null,
        "lifestyleclaim": null,
        "alcoholfree": null,
        "tgawarning": null,
        "activeconstituents": null,
        "microwaveable": "False",
        "soap-free": null,
        "countryoforigin": null,
        "isexcludedfromsubstitution": "False",
        "productimagecount": "5",
        "r&r_loggedinreviews": null,
        "anti-dandruff": null,
        "servingsize-total-nip": null,
        "tgahealthwarninglink": null,
        "allergenmaybepresent": null,
        "PiesProductDepartmentNodeId": "1_5AF3A0A",
        "parabenfree": "False",
        "vendorarticleid": null,
        "containsgluten": "False",
        "containsnuts": "False",
        "ingredients": null,
        "colour": null,
        "manufacturer": null,
        "sapcategoryno": "41",
        "storageinstructions": null,
        "tgawarnings": null,
        "piesdepartmentnamesjson": "[\"Drinks\"]",
        "brand": "allpress espresso",
        "oilfree": null,
        "fragrance": null,
        "antibacterial": "False",
        "non-comedogenic": null,
        "antiseptic": "False",
        "bpafree": "False",
        "vendorcostprice": null,
        "description": null,
        "sweatresistant": null,
        "sapsubcategoryno": "155",
        "antioxidant": "False",
        "claims": null,
        "phbalanced": null,
        "wool_dietaryclaim": null,
        "ophthalmologisttested": null,
        "sulfatefree": "False",
        "servingsperpack-total-nip": null,
        "piescategorynamesjson": "[\"Cordials, Juices & Iced Teas\"]",
        "nutritionalinformation": null,
        "ovencook": "False",
        "vegetarian": "False",
        "hypo-allergenic": null,
        "timer": null,
        "dermatologistrecommended": null,
        "sapdepartmentno": "5",
        "allergencontains": null,
        "waterresistant": null,
        "friendlydisclaimer": null,
        "recyclableinformation": null,
        "usageinstructions": null,
        "freezable": "False"
      },
      "DetailsImagePaths": [
        "https://cdn0.woolworths.media/content/wowproductimages/large/804463.jpg",
        "https://cdn0.woolworths.media/content/wowproductimages/large/804463_1.jpg",
        "https://cdn0.woolworths.media/content/wowproductimages/large/804463_7.jpg",
        "https://cdn0.woolworths.media/content/wowproductimages/large/804463_8.jpg",
        "https://cdn0.woolworths.media/content/wowproductimages/large/804463_9.jpg"
      ],
      "Variety": null,
      "Rating": {
        "ReviewCount": 0,
        "RatingCount": 0,
        "RatingSum": 0,
        "OneStarCount": 0,
        "TwoStarCount": 0,
        "ThreeStarCount": 0,
        "FourStarCount": 0,
        "FiveStarCount": 0,
        "Average": 0,
        "OneStarPercentage": 0,
        "TwoStarPercentage": 0,
        "ThreeStarPercentage": 0,
        "FourStarPercentage": 0,
        "FiveStarPercentage": 0
      },
      "HasProductSubs": false,
      "IsSponsoredAd": false,
      "AdID": null,
      "AdIndex": null,
      "AdStatus": null,
      "IsMarketProduct": false,
      "IsGiftable": false,
      "Vendor": null,
      "Untraceable": false,
      "ThirdPartyProductInfo": null,
      "MarketFeatures": null,
      "MarketSpecifications": null,
      "SupplyLimitSource": "StockQuantity",
      "Tags": null,
      "IsPersonalisedByPurchaseHistory": false,
      "IsFromFacetedSearch": false,
      "NextAvailabilityDate": "2024-07-11T00:00:00.0000000Z",
      "NumberOfSubstitutes": 0,
      "IsPrimaryVariant": false,
      "VariantGroupId": 0,
      "HasVariants": false,
      "VariantTitle": null,
      "IsTobacco": false,
      "IsB2BExtendedRangeSapCategory": false
    }
  },
  {
    "timestamp": "2024-07-09T11:35:20.416Z",
    "status": "error",
    "productURL": "https://www.woolworths.com.au/shop/productdetails/990936/alpine-supreme-carton-supreme",
    "error": {}
  },
  {
    "timestamp": "2024-07-09T11:35:20.441Z",
    "status": "success",
    "productURL": "https://www.woolworths.com.au/shop/productdetails/232538/allen-s-party-mix-lollies-family-size-bag",
    "product": {
      "TileID": 0,
      "Stockcode": 232538,
      "Barcode": "9300605148550",
      "GtinFormat": 13,
      "CupPrice": 1.55,
      "InstoreCupPrice": 1.55,
      "CupMeasure": "100G",
      "CupString": "$1.55 / 100G",
      "InstoreCupString": "$1.55 / 100G",
      "HasCupPrice": true,
      "InstoreHasCupPrice": true,
      "Price": 6.5,
      "InstorePrice": 6.5,
      "Name": "Allen's Party Mix Lollies Family Size Bag",
      "DisplayName": "Allen's Party Mix Lollies Family Size Bag 420g",
      "UrlFriendlyName": "allen-s-party-mix-lollies-family-size-bag",
      "Description": " Allen's Party Mix Lollies<br>Family Size Bag 420g",
      "SmallImageFile": "https://cdn0.woolworths.media/content/wowproductimages/small/232538.jpg",
      "MediumImageFile": "https://cdn0.woolworths.media/content/wowproductimages/medium/232538.jpg",
      "LargeImageFile": "https://cdn0.woolworths.media/content/wowproductimages/large/232538.jpg",
      "IsNew": false,
      "IsHalfPrice": false,
      "IsOnlineOnly": false,
      "IsOnSpecial": false,
      "InstoreIsOnSpecial": false,
      "IsEdrSpecial": false,
      "SavingsAmount": 0,
      "InstoreSavingsAmount": 0,
      "WasPrice": 6.5,
      "InstoreWasPrice": 6.5,
      "QuantityInTrolley": 0,
      "Unit": "Each",
      "MinimumQuantity": 1,
      "HasBeenBoughtBefore": false,
      "IsInTrolley": false,
      "Source": "ProductDetail",
      "SupplyLimit": 36,
      "ProductLimit": 36,
      "MaxSupplyLimitMessage": "36 item limit",
      "IsRanged": true,
      "IsInStock": true,
      "PackageSize": "420g",
      "IsPmDelivery": false,
      "IsForCollection": true,
      "IsForDelivery": true,
      "IsForExpress": true,
      "ProductRestrictionMessage": null,
      "ProductWarningMessage": null,
      "CentreTag": {
        "TagContent": null,
        "TagLink": null,
        "FallbackText": null,
        "TagType": "None",
        "MultibuyData": null,
        "MemberPriceData": null,
        "TagContentText": null,
        "DualImageTagContent": null,
        "PromotionType": "NOT_SET",
        "IsRegisteredRewardCardPromotion": false
      },
      "IsCentreTag": false,
      "ImageTag": {
        "TagContent": null,
        "TagLink": null,
        "FallbackText": "",
        "TagType": "None",
        "MultibuyData": null,
        "MemberPriceData": null,
        "TagContentText": null,
        "DualImageTagContent": null,
        "PromotionType": "NOT_SET",
        "IsRegisteredRewardCardPromotion": false
      },
      "HeaderTag": null,
      "HasHeaderTag": false,
      "UnitWeightInGrams": 428,
      "SupplyLimitMessage": "'Allen's Party Mix Lollies Family Size Bag' has a supply limit of 36. The quantity in your cart has been reduced accordingly. To purchase a larger quantity, please contact us on 1800 000 610. Please note we do not supply trade orders.",
      "SmallFormatDescription": "Allen's Party Mix Lollies Family Size Bag",
      "FullDescription": "Allen's Party Mix Lollies Family Size Bag",
      "IsAvailable": true,
      "InstoreIsAvailable": true,
      "IsPurchasable": true,
      "InstoreIsPurchasable": true,
      "AgeRestricted": false,
      "DisplayQuantity": 1,
      "RichDescription": "ALLEN'S Party Mix Lollies Bag 420g<br><br>ALLEN'S Party Mix has a favourite lolly for everyone - from stretchy Snakes to creamy Milk Bottles and our iconic Bananas! Is it really a party without ALLEN'S Party Mix? Grab this large share bag and enjoy with your friends and family at your next party! <br><br>Each bag contains a mix of: Snakes, Frogs Alive, Strawberries & Cream, Bananas, Peaches & Cream, Milk Bottles, Jelly Babies & Black Cats.<br><br>No artificial colours or sweeteners<br><br>Proudly made in Australia<br><br>ALLEN'S has been a little bit of fun since 1891<br><br>This product has a health star rating of 1.5/5 stars",
      "HideWasSavedPrice": false,
      "SapCategories": {
        "SapDepartmentName": "GROCERIES",
        "SapCategoryName": "CONFECTIONERY",
        "SapSubCategoryName": "CONFEC SHARING - SUGAR",
        "SapSegmentName": "BULK - JELLY"
      },
      "Brand": "Allen's",
      "IsRestrictedByDeliveryMethod": false,
      "FooterTag": {
        "TagContent": null,
        "TagLink": null,
        "FallbackText": null,
        "TagType": "None",
        "MultibuyData": null,
        "MemberPriceData": null,
        "TagContentText": null,
        "DualImageTagContent": null,
        "PromotionType": "NOT_SET",
        "IsRegisteredRewardCardPromotion": false
      },
      "IsFooterEnabled": false,
      "Diagnostics": "0",
      "IsBundle": false,
      "IsInFamily": false,
      "ChildProducts": [],
      "UrlOverride": null,
      "AdditionalAttributes": {
        "boxedcontents": null,
        "addedvitaminsandminerals": "False",
        "sapdepartmentname": "GROCERIES",
        "spf": null,
        "haircolour": null,
        "lifestyleanddietarystatement": "Low Fat",
        "sapcategoryname": "CONFECTIONERY",
        "skintype": null,
        "importantinformation": null,
        "allergystatement": "Soy Free",
        "productdepthmm": null,
        "skincondition": null,
        "ophthalmologistapproved": null,
        "healthstarrating": "1.5",
        "hairtype": null,
        "fragrance-free": null,
        "sapsegmentname": "BULK - JELLY",
        "suitablefor": null,
        "PiesProductDepartmentsjson": "[{\"Id\":\"1_717445A\",\"Description\":\"Snacks & Confectionery\"}]",
        "piessubcategorynamesjson": "[\"Sweets, Lollies & Licorice\"]",
        "sapsegmentno": "9",
        "productwidthmm": null,
        "contains": null,
        "sapsubcategoryname": "CONFEC SHARING - SUGAR",
        "dermatologisttested": null,
        "wool_productpackaging": null,
        "dermatologicallyapproved": null,
        "specialsgroupid": null,
        "productimages": "232538.jpg,232538_2.jpg",
        "productheightmm": null,
        "r&r_hidereviews": null,
        "microwavesafe": "False",
        "paba-free": null,
        "lifestyleclaim": null,
        "alcoholfree": null,
        "tgawarning": null,
        "activeconstituents": null,
        "microwaveable": "False",
        "soap-free": null,
        "countryoforigin": null,
        "isexcludedfromsubstitution": "False",
        "productimagecount": "2",
        "r&r_loggedinreviews": null,
        "anti-dandruff": null,
        "servingsize-total-nip": null,
        "tgahealthwarninglink": null,
        "allergenmaybepresent": "Milk",
        "PiesProductDepartmentNodeId": "1_717445A",
        "parabenfree": "False",
        "vendorarticleid": null,
        "containsgluten": "False",
        "containsnuts": "False",
        "ingredients": "Ingredients   Glucose Syrup, Cane Sugar, Thickener (Dextrin Roasted Starch, Acid Treated Starch Or Starch Acetate)( Wheat  Or Corn), Gelatine, Food Acids (Citric, Lactic), Invert Syrup, Flavours, Colours (Carminic Acid, Vegetable Carbon, Turmeric, Paprika Oleoresin, Copper Chlorophyllin).       Contains Wheat, Gluten.        May Contain Milk.       Made in Australia.",
        "colour": null,
        "manufacturer": null,
        "sapcategoryno": "76",
        "storageinstructions": "Store Product in A Cool, Dry Environment (10-22c, 60% Rh), in An Area Free from Strong Odour and Free from Infestation.",
        "tgawarnings": null,
        "piesdepartmentnamesjson": "[\"Snacks & Confectionery\"]",
        "brand": "allen's",
        "oilfree": null,
        "fragrance": null,
        "antibacterial": "False",
        "non-comedogenic": null,
        "antiseptic": "False",
        "bpafree": "False",
        "vendorcostprice": null,
        "description": "ALLEN'S Party Mix Lollies Bag 420g<br><br>ALLEN'S Party Mix has a favourite lolly for everyone - from stretchy Snakes to creamy Milk Bottles and our iconic Bananas! Is it really a party without ALLEN'S Party Mix? Grab this large share bag and enjoy with your friends and family at your next party! <br><br>Each bag contains a mix of: Snakes, Frogs Alive, Strawberries & Cream, Bananas, Peaches & Cream, Milk Bottles, Jelly Babies & Black Cats.<br><br>No artificial colours or sweeteners<br><br>Proudly made in Australia<br><br>ALLEN'S has been a little bit of fun since 1891<br><br>This product has a health star rating of 1.5/5 stars",
        "sweatresistant": null,
        "sapsubcategoryno": "682",
        "antioxidant": "False",
        "claims": null,
        "phbalanced": null,
        "wool_dietaryclaim": null,
        "ophthalmologisttested": null,
        "sulfatefree": "False",
        "servingsperpack-total-nip": null,
        "piescategorynamesjson": "[\"Confectionery\"]",
        "nutritionalinformation": "{\"Name\":\"Nutritional Information\",\"Attributes\":[{\"Id\":705,\"Name\":\"Carbohydrate Quantity Per 100g - Total - NIP\",\"Value\":\"82.60g\",\"Description\":\"Carbohydrate Quantity Per 100g - Total - NIP\",\"SortOrder\":83},{\"Id\":706,\"Name\":\"Carbohydrate Quantity Per Serve - Total - NIP\",\"Value\":\"16.50g\",\"Description\":\"Carbohydrate Quantity Per Serve - Total - NIP\",\"SortOrder\":87},{\"Id\":759,\"Name\":\"Energy kJ Quantity Per 100g - Total - NIP\",\"Value\":\"1470.00kJ\",\"Description\":\"Energy kJ Quantity Per 100g - Total - NIP\",\"SortOrder\":239},{\"Id\":760,\"Name\":\"Energy kJ Quantity Per Serve - Total - NIP\",\"Value\":\"294.00kJ\",\"Description\":\"Energy kJ Quantity Per Serve - Total - NIP\",\"SortOrder\":243},{\"Id\":253,\"Name\":\"Fat Saturated Quantity Per 100g - Total - NIP\",\"Value\":\"1.00g\",\"Description\":\"Fat Saturated Quantity Per 100g - Total - NIP\",\"SortOrder\":251},{\"Id\":258,\"Name\":\"Fat Saturated Quantity Per Serve - Total - NIP\",\"Value\":\"0.20g\",\"Description\":\"Fat Saturated Quantity Per Serve - Total - NIP\",\"SortOrder\":255},{\"Id\":764,\"Name\":\"Fat Total Quantity Per 100g - Total - NIP\",\"Value\":\"1.00g\",\"Description\":\"Fat Total Quantity Per 100g - Total - NIP\",\"SortOrder\":263},{\"Id\":166,\"Name\":\"Fat Total Quantity Per 100g - ValueWord - NIP\",\"Value\":\"1.00\",\"Description\":\"Fat Total Quantity Per 100g - ValueWord - NIP\",\"SortOrder\":264},{\"Id\":264,\"Name\":\"Fat Total Quantity Per Serve - Total - NIP\",\"Value\":\"0.20g\",\"Description\":\"Fat Total Quantity Per Serve - Total - NIP\",\"SortOrder\":267},{\"Id\":878,\"Name\":\"Protein Quantity Per 100g - Total - NIP\",\"Value\":\"3.50g\",\"Description\":\"Protein Quantity Per 100g - Total - NIP\",\"SortOrder\":587},{\"Id\":882,\"Name\":\"Protein Quantity Per Serve - Total - NIP\",\"Value\":\"0.70g\",\"Description\":\"Protein Quantity Per Serve - Total - NIP\",\"SortOrder\":591},{\"Id\":477,\"Name\":\"Serving Size - Total - NIP\",\"Value\":\"20.00g\",\"Description\":\"Serving Size - Total - NIP\",\"SortOrder\":607},{\"Id\":544,\"Name\":\"Servings Per Pack - Total - NIP\",\"Value\":\"21.00\",\"Description\":\"Servings Per Pack - Total - NIP\",\"SortOrder\":611},{\"Id\":491,\"Name\":\"Sodium Quantity Per 100g - Total - NIP\",\"Value\":\"90.00mg\",\"Description\":\"Sodium Quantity Per 100g - Total - NIP\",\"SortOrder\":623},{\"Id\":495,\"Name\":\"Sodium Quantity Per Serve - Total - NIP\",\"Value\":\"18.00mg\",\"Description\":\"Sodium Quantity Per Serve - Total - NIP\",\"SortOrder\":627},{\"Id\":908,\"Name\":\"Sugars Quantity Per 100g - SuffixUnits - NIP\",\"Value\":\"g\",\"Description\":\"Sugars Quantity Per 100g - SuffixUnits - NIP\",\"SortOrder\":646},{\"Id\":909,\"Name\":\"Sugars Quantity Per 100g - Total - NIP\",\"Value\":\"53.40g\",\"Description\":\"Sugars Quantity Per 100g - Total - NIP\",\"SortOrder\":647},{\"Id\":910,\"Name\":\"Sugars Quantity Per 100g - ValueWord - NIP\",\"Value\":\"53.40\",\"Description\":\"Sugars Quantity Per 100g - ValueWord - NIP\",\"SortOrder\":648},{\"Id\":911,\"Name\":\"Sugars Quantity Per Serve - SuffixUnits - NIP\",\"Value\":\"g\",\"Description\":\"Sugars Quantity Per Serve - SuffixUnits - NIP\",\"SortOrder\":650},{\"Id\":912,\"Name\":\"Sugars Quantity Per Serve - Total - NIP\",\"Value\":\"10.70g\",\"Description\":\"Sugars Quantity Per Serve - Total - NIP\",\"SortOrder\":651},{\"Id\":572,\"Name\":\"Sugars Quantity Per Serve - ValueWord - NIP\",\"Value\":\"10.70\",\"Description\":\"Sugars Quantity Per Serve - ValueWord - NIP\",\"SortOrder\":652}]}",
        "ovencook": "False",
        "vegetarian": "False",
        "hypo-allergenic": null,
        "timer": null,
        "dermatologistrecommended": null,
        "sapdepartmentno": "5",
        "allergencontains": "Wheat",
        "waterresistant": null,
        "friendlydisclaimer": null,
        "recyclableinformation": null,
        "usageinstructions": null,
        "freezable": "False"
      },
      "DetailsImagePaths": [
        "https://cdn0.woolworths.media/content/wowproductimages/large/232538.jpg",
        "https://cdn0.woolworths.media/content/wowproductimages/large/232538_2.jpg"
      ],
      "Variety": "Family Size Bag",
      "Rating": {
        "ReviewCount": 0,
        "RatingCount": 0,
        "RatingSum": 0,
        "OneStarCount": 0,
        "TwoStarCount": 0,
        "ThreeStarCount": 0,
        "FourStarCount": 0,
        "FiveStarCount": 0,
        "Average": 0,
        "OneStarPercentage": 0,
        "TwoStarPercentage": 0,
        "ThreeStarPercentage": 0,
        "FourStarPercentage": 0,
        "FiveStarPercentage": 0
      },
      "HasProductSubs": false,
      "IsSponsoredAd": false,
      "AdID": null,
      "AdIndex": null,
      "AdStatus": null,
      "IsMarketProduct": false,
      "IsGiftable": false,
      "Vendor": null,
      "Untraceable": false,
      "ThirdPartyProductInfo": null,
      "MarketFeatures": null,
      "MarketSpecifications": null,
      "SupplyLimitSource": "ProductLimit",
      "Tags": null,
      "IsPersonalisedByPurchaseHistory": false,
      "IsFromFacetedSearch": false,
      "NextAvailabilityDate": "2024-07-11T00:00:00.0000000Z",
      "NumberOfSubstitutes": 0,
      "IsPrimaryVariant": false,
      "VariantGroupId": 0,
      "HasVariants": false,
      "VariantTitle": null,
      "IsTobacco": false,
      "IsB2BExtendedRangeSapCategory": false
    }
  },
  {
    "timestamp": "2024-07-09T11:35:20.465Z",
    "status": "success",
    "productURL": "https://www.woolworths.com.au/shop/productdetails/982210/alpine-cider-pink-lady-sweet-bottles",
    "product": {
      "TileID": 0,
      "Stockcode": 982210,
      "Barcode": "80687456741",
      "GtinFormat": 0,
      "CupPrice": 0,
      "InstoreCupPrice": 0,
      "CupMeasure": "0",
      "CupString": "",
      "InstoreCupString": "",
      "HasCupPrice": false,
      "InstoreHasCupPrice": false,
      "Price": 0,
      "InstorePrice": 0,
      "Name": "Alpine Cider Pink Lady Sweet Bottles",
      "DisplayName": "Alpine Cider Pink Lady Sweet Bottles 330ml X4 Pack",
      "UrlFriendlyName": "alpine-cider-pink-lady-sweet-bottles",
      "Description": " Alpine Cider Pink Lady Sweet<br>Bottles 330mL x4 Pack",
      "SmallImageFile": "https://cdn0.woolworths.media/content/wowproductimages/small/982210.jpg",
      "MediumImageFile": "https://cdn0.woolworths.media/content/wowproductimages/medium/982210.jpg",
      "LargeImageFile": "https://cdn0.woolworths.media/content/wowproductimages/large/982210.jpg",
      "IsNew": false,
      "IsHalfPrice": false,
      "IsOnlineOnly": false,
      "IsOnSpecial": false,
      "InstoreIsOnSpecial": false,
      "IsEdrSpecial": false,
      "SavingsAmount": 0,
      "InstoreSavingsAmount": 0,
      "WasPrice": 0,
      "InstoreWasPrice": 0,
      "QuantityInTrolley": 0,
      "Unit": "Each",
      "MinimumQuantity": 1,
      "HasBeenBoughtBefore": false,
      "IsInTrolley": false,
      "Source": "ProductDetail",
      "SupplyLimit": 36,
      "ProductLimit": 36,
      "MaxSupplyLimitMessage": "36 item limit",
      "IsRanged": false,
      "IsInStock": false,
      "PackageSize": "330mL x4 Pack",
      "IsPmDelivery": true,
      "IsForCollection": true,
      "IsForDelivery": true,
      "IsForExpress": true,
      "ProductRestrictionMessage": null,
      "ProductWarningMessage": null,
      "CentreTag": {
        "TagContent": null,
        "TagLink": null,
        "FallbackText": null,
        "TagType": "None",
        "MultibuyData": null,
        "MemberPriceData": null,
        "TagContentText": null,
        "DualImageTagContent": null,
        "PromotionType": "NOT_SET",
        "IsRegisteredRewardCardPromotion": false
      },
      "IsCentreTag": false,
      "ImageTag": {
        "TagContent": null,
        "TagLink": null,
        "FallbackText": null,
        "TagType": "None",
        "MultibuyData": null,
        "MemberPriceData": null,
        "TagContentText": null,
        "DualImageTagContent": null,
        "PromotionType": "NOT_SET",
        "IsRegisteredRewardCardPromotion": false
      },
      "HeaderTag": null,
      "HasHeaderTag": false,
      "UnitWeightInGrams": 2180,
      "SupplyLimitMessage": "'Alpine Cider Pink Lady Sweet Bottles' has a supply limit of 36. The quantity in your cart has been reduced accordingly. To purchase a larger quantity, please contact us on 1800 000 610. Please note we do not supply trade orders.",
      "SmallFormatDescription": "Alpine Cider Pink Lady Sweet Bottles",
      "FullDescription": "Alpine Cider Pink Lady Sweet Bottles",
      "IsAvailable": false,
      "InstoreIsAvailable": false,
      "IsPurchasable": false,
      "InstoreIsPurchasable": false,
      "AgeRestricted": true,
      "DisplayQuantity": 1,
      "RichDescription": "Alpine Cider Pink Lady Sweet is definitely for apple fans out there. Sweet, fruity and creamy like your favourite juice made even better. Mirrors the pink ladies from the Alpine Country with its bright vibe. Enjoy a lush, tart and lingering finish with every sip!<br>",
      "HideWasSavedPrice": true,
      "SapCategories": {
        "SapDepartmentName": "LIQUOR",
        "SapCategoryName": "CIDER",
        "SapSubCategoryName": "APPLE CIDER",
        "SapSegmentName": "APPLE CIDER"
      },
      "Brand": "Alpine",
      "IsRestrictedByDeliveryMethod": false,
      "FooterTag": {
        "TagContent": null,
        "TagLink": null,
        "FallbackText": null,
        "TagType": "None",
        "MultibuyData": null,
        "MemberPriceData": null,
        "TagContentText": null,
        "DualImageTagContent": null,
        "PromotionType": "NOT_SET",
        "IsRegisteredRewardCardPromotion": false
      },
      "IsFooterEnabled": true,
      "Diagnostics": "0",
      "IsBundle": false,
      "IsInFamily": false,
      "ChildProducts": [],
      "UrlOverride": null,
      "AdditionalAttributes": {
        "boxedcontents": null,
        "addedvitaminsandminerals": "False",
        "sapdepartmentname": "LIQUOR",
        "spf": null,
        "haircolour": null,
        "lifestyleanddietarystatement": null,
        "sapcategoryname": "CIDER",
        "skintype": null,
        "importantinformation": null,
        "allergystatement": null,
        "productdepthmm": null,
        "skincondition": null,
        "ophthalmologistapproved": null,
        "healthstarrating": null,
        "hairtype": null,
        "fragrance-free": null,
        "sapsegmentname": "APPLE CIDER",
        "suitablefor": null,
        "PiesProductDepartmentsjson": "[{\"Id\":\"1_8E4DA6F\",\"Description\":\"Beer, Wine & Spirits\"}]",
        "piessubcategorynamesjson": "[\"Apple Cider\"]",
        "sapsegmentno": "1",
        "productwidthmm": null,
        "contains": null,
        "sapsubcategoryname": "APPLE CIDER",
        "dermatologisttested": null,
        "wool_productpackaging": null,
        "dermatologicallyapproved": null,
        "specialsgroupid": null,
        "productimages": "982210.jpg,982210_1.jpg",
        "productheightmm": null,
        "r&r_hidereviews": null,
        "microwavesafe": "False",
        "paba-free": null,
        "lifestyleclaim": null,
        "alcoholfree": null,
        "tgawarning": null,
        "activeconstituents": null,
        "microwaveable": "False",
        "soap-free": null,
        "countryoforigin": null,
        "isexcludedfromsubstitution": "False",
        "productimagecount": "2",
        "r&r_loggedinreviews": null,
        "anti-dandruff": null,
        "servingsize-total-nip": null,
        "tgahealthwarninglink": null,
        "allergenmaybepresent": null,
        "PiesProductDepartmentNodeId": "1_8E4DA6F",
        "parabenfree": "False",
        "vendorarticleid": null,
        "containsgluten": "False",
        "containsnuts": "False",
        "ingredients": null,
        "colour": null,
        "manufacturer": null,
        "sapcategoryno": "78",
        "storageinstructions": null,
        "tgawarnings": null,
        "piesdepartmentnamesjson": "[\"Beer, Wine & Spirits\"]",
        "brand": "alpine",
        "oilfree": null,
        "fragrance": null,
        "antibacterial": "False",
        "non-comedogenic": null,
        "antiseptic": "False",
        "bpafree": "False",
        "vendorcostprice": null,
        "description": "Alpine Cider Pink Lady Sweet is definitely for apple fans out there. Sweet, fruity and creamy like your favourite juice made even better. Mirrors the pink ladies from the Alpine Country with its bright vibe. Enjoy a lush, tart and lingering finish with every sip!<br>",
        "sweatresistant": null,
        "sapsubcategoryno": "705",
        "antioxidant": "False",
        "claims": null,
        "phbalanced": null,
        "wool_dietaryclaim": null,
        "ophthalmologisttested": null,
        "sulfatefree": "False",
        "servingsperpack-total-nip": null,
        "piescategorynamesjson": "[\"Cider\"]",
        "nutritionalinformation": null,
        "ovencook": "False",
        "vegetarian": "False",
        "hypo-allergenic": null,
        "timer": null,
        "dermatologistrecommended": null,
        "sapdepartmentno": "20",
        "allergencontains": null,
        "waterresistant": null,
        "friendlydisclaimer": null,
        "recyclableinformation": null,
        "usageinstructions": null,
        "freezable": "False"
      },
      "DetailsImagePaths": [
        "https://cdn0.woolworths.media/content/wowproductimages/large/982210.jpg",
        "https://cdn0.woolworths.media/content/wowproductimages/large/982210_1.jpg"
      ],
      "Variety": "Bottles",
      "Rating": {
        "ReviewCount": 0,
        "RatingCount": 0,
        "RatingSum": 0,
        "OneStarCount": 0,
        "TwoStarCount": 0,
        "ThreeStarCount": 0,
        "FourStarCount": 0,
        "FiveStarCount": 0,
        "Average": 0,
        "OneStarPercentage": 0,
        "TwoStarPercentage": 0,
        "ThreeStarPercentage": 0,
        "FourStarPercentage": 0,
        "FiveStarPercentage": 0
      },
      "HasProductSubs": false,
      "IsSponsoredAd": false,
      "AdID": null,
      "AdIndex": null,
      "AdStatus": null,
      "IsMarketProduct": false,
      "IsGiftable": false,
      "Vendor": null,
      "Untraceable": false,
      "ThirdPartyProductInfo": null,
      "MarketFeatures": null,
      "MarketSpecifications": null,
      "SupplyLimitSource": "ProductLimit",
      "Tags": null,
      "IsPersonalisedByPurchaseHistory": false,
      "IsFromFacetedSearch": false,
      "NextAvailabilityDate": null,
      "NumberOfSubstitutes": 0,
      "IsPrimaryVariant": false,
      "VariantGroupId": 0,
      "HasVariants": false,
      "VariantTitle": null,
      "IsTobacco": false,
      "IsB2BExtendedRangeSapCategory": false
    }
  },
  {
    "timestamp": "2024-07-09T11:35:20.495Z",
    "status": "success",
    "productURL": "https://www.woolworths.com.au/shop/productdetails/307689/allen-s-strawberry-cream-lollies-bag",
    "product": {
      "TileID": 0,
      "Stockcode": 307689,
      "Barcode": "9300605042810",
      "GtinFormat": 13,
      "CupPrice": 1.84,
      "InstoreCupPrice": 1.84,
      "CupMeasure": "100G",
      "CupString": "$1.84 / 100G",
      "InstoreCupString": "$1.84 / 100G",
      "HasCupPrice": true,
      "InstoreHasCupPrice": true,
      "Price": 3.5,
      "InstorePrice": 3.5,
      "Name": "Allen's Strawberry & Cream Lollies Bag",
      "DisplayName": "Allen's Strawberry & Cream Lollies Bag 190g",
      "UrlFriendlyName": "allen-s-strawberry-cream-lollies-bag",
      "Description": " Allen's Strawberry & Cream<br>Lollies Bag  190G",
      "SmallImageFile": "https://cdn0.woolworths.media/content/wowproductimages/small/307689.jpg",
      "MediumImageFile": "https://cdn0.woolworths.media/content/wowproductimages/medium/307689.jpg",
      "LargeImageFile": "https://cdn0.woolworths.media/content/wowproductimages/large/307689.jpg",
      "IsNew": false,
      "IsHalfPrice": false,
      "IsOnlineOnly": false,
      "IsOnSpecial": true,
      "InstoreIsOnSpecial": true,
      "IsEdrSpecial": false,
      "SavingsAmount": 1.5,
      "InstoreSavingsAmount": 1.5,
      "WasPrice": 5,
      "InstoreWasPrice": 5,
      "QuantityInTrolley": 0,
      "Unit": "Each",
      "MinimumQuantity": 1,
      "HasBeenBoughtBefore": false,
      "IsInTrolley": false,
      "Source": "ProductDetail",
      "SupplyLimit": 36,
      "ProductLimit": 36,
      "MaxSupplyLimitMessage": "36 item limit",
      "IsRanged": true,
      "IsInStock": true,
      "PackageSize": "190G",
      "IsPmDelivery": false,
      "IsForCollection": true,
      "IsForDelivery": true,
      "IsForExpress": true,
      "ProductRestrictionMessage": null,
      "ProductWarningMessage": null,
      "CentreTag": {
        "TagContent": null,
        "TagLink": null,
        "FallbackText": null,
        "TagType": "None",
        "MultibuyData": null,
        "MemberPriceData": null,
        "TagContentText": null,
        "DualImageTagContent": null,
        "PromotionType": "NOT_SET",
        "IsRegisteredRewardCardPromotion": false
      },
      "IsCentreTag": false,
      "ImageTag": {
        "TagContent": "/content/promotiontags/roundel-special-200x200.png",
        "TagLink": "",
        "FallbackText": "On Special",
        "TagType": "None",
        "MultibuyData": null,
        "MemberPriceData": null,
        "TagContentText": null,
        "DualImageTagContent": null,
        "PromotionType": "NOT_SET",
        "IsRegisteredRewardCardPromotion": false
      },
      "HeaderTag": {
        "BackgroundColor": "#fd0",
        "BorderColor": "#fd0",
        "TextColor": "#000",
        "Content": "Save $1.50",
        "TagLink": null,
        "Promotion": "Special"
      },
      "HasHeaderTag": true,
      "UnitWeightInGrams": 197,
      "SupplyLimitMessage": "'Allen's Strawberry & Cream Lollies Bag' has a supply limit of 36. The quantity in your cart has been reduced accordingly. To purchase a larger quantity, please contact us on 1800 000 610. Please note we do not supply trade orders.",
      "SmallFormatDescription": "Allen's Strawberry & Cream Lollies Bag ",
      "FullDescription": "Allen's Strawberry & Cream Lollies Bag ",
      "IsAvailable": true,
      "InstoreIsAvailable": true,
      "IsPurchasable": true,
      "InstoreIsPurchasable": true,
      "AgeRestricted": false,
      "DisplayQuantity": 1,
      "RichDescription": "ALLEN'S STRAWBERRIES&CREAM 190G<br><br>ALLEN'S Strawberries & Cream combine a dollop of strawberry flavour, on a light and creamy base. Squish them, bite the top off or enjoy it as one delicious mouthful! This is the perfect lolly bag to grab for any berry lovers and will be a hit at your next event. <br><br>No artificial colours or sweeteners",
      "HideWasSavedPrice": false,
      "SapCategories": {
        "SapDepartmentName": "GROCERIES",
        "SapCategoryName": "CONFECTIONERY",
        "SapSubCategoryName": "CONFEC SHARING - SUGAR",
        "SapSegmentName": "JELLY"
      },
      "Brand": "Allen's",
      "IsRestrictedByDeliveryMethod": false,
      "FooterTag": {
        "TagContent": null,
        "TagLink": null,
        "FallbackText": null,
        "TagType": "None",
        "MultibuyData": null,
        "MemberPriceData": null,
        "TagContentText": null,
        "DualImageTagContent": null,
        "PromotionType": "NOT_SET",
        "IsRegisteredRewardCardPromotion": false
      },
      "IsFooterEnabled": false,
      "Diagnostics": "0",
      "IsBundle": false,
      "IsInFamily": false,
      "ChildProducts": [],
      "UrlOverride": null,
      "AdditionalAttributes": {
        "boxedcontents": null,
        "addedvitaminsandminerals": "False",
        "sapdepartmentname": "GROCERIES",
        "spf": null,
        "haircolour": null,
        "lifestyleanddietarystatement": "Low Salt",
        "sapcategoryname": "CONFECTIONERY",
        "skintype": null,
        "importantinformation": null,
        "allergystatement": "Egg Free",
        "productdepthmm": null,
        "skincondition": null,
        "ophthalmologistapproved": null,
        "healthstarrating": null,
        "hairtype": null,
        "fragrance-free": null,
        "sapsegmentname": "JELLY",
        "suitablefor": null,
        "PiesProductDepartmentsjson": "[{\"Id\":\"1_717445A\",\"Description\":\"Snacks & Confectionery\"}]",
        "piessubcategorynamesjson": "[\"Sweets, Lollies & Licorice\"]",
        "sapsegmentno": "1",
        "productwidthmm": null,
        "contains": null,
        "sapsubcategoryname": "CONFEC SHARING - SUGAR",
        "dermatologisttested": null,
        "wool_productpackaging": null,
        "dermatologicallyapproved": null,
        "specialsgroupid": null,
        "productimages": "307689.jpg,307689_2.jpg",
        "productheightmm": null,
        "r&r_hidereviews": null,
        "microwavesafe": "False",
        "paba-free": null,
        "lifestyleclaim": null,
        "alcoholfree": null,
        "tgawarning": null,
        "activeconstituents": null,
        "microwaveable": "False",
        "soap-free": null,
        "countryoforigin": null,
        "isexcludedfromsubstitution": "False",
        "productimagecount": "2",
        "r&r_loggedinreviews": null,
        "anti-dandruff": null,
        "servingsize-total-nip": null,
        "tgahealthwarninglink": null,
        "allergenmaybepresent": "Milk",
        "PiesProductDepartmentNodeId": "1_717445A",
        "parabenfree": "False",
        "vendorarticleid": null,
        "containsgluten": "False",
        "containsnuts": "False",
        "ingredients": "Ingredients   Glucose Syrup, Cane Sugar, Thickener (Dextrin Roasted Starch, Acid Treated Starch Or Starch Acetate)( Wheat  Or Corn), Gelatine, Food Acid (Citric), Flavours, Colour (Carminic Acid).       Contains Wheat, Gluten.        May Contain Milk.       Made in Australia.",
        "colour": null,
        "manufacturer": null,
        "sapcategoryno": "76",
        "storageinstructions": "Store Product in A Cool, Dry Environment (10-22c, 60% Rh), in An Area Free from Strong Odour and Free from Infestation.",
        "tgawarnings": null,
        "piesdepartmentnamesjson": "[\"Snacks & Confectionery\"]",
        "brand": "allen's",
        "oilfree": null,
        "fragrance": null,
        "antibacterial": "False",
        "non-comedogenic": null,
        "antiseptic": "False",
        "bpafree": "False",
        "vendorcostprice": null,
        "description": "ALLEN'S STRAWBERRIES&CREAM 190G<br><br>ALLEN'S Strawberries & Cream combine a dollop of strawberry flavour, on a light and creamy base. Squish them, bite the top off or enjoy it as one delicious mouthful! This is the perfect lolly bag to grab for any berry lovers and will be a hit at your next event. <br><br>No artificial colours or sweeteners",
        "sweatresistant": null,
        "sapsubcategoryno": "682",
        "antioxidant": "False",
        "claims": null,
        "phbalanced": null,
        "wool_dietaryclaim": null,
        "ophthalmologisttested": null,
        "sulfatefree": "False",
        "servingsperpack-total-nip": null,
        "piescategorynamesjson": "[\"Confectionery\"]",
        "nutritionalinformation": "{\"Name\":\"Nutritional Information\",\"Attributes\":[{\"Id\":702,\"Name\":\"Calcium Quantity Per 100g - Total - NIP\",\"Value\":\"6mg\",\"Description\":\"Calcium Quantity Per 100g - Total - NIP\",\"SortOrder\":71},{\"Id\":47,\"Name\":\"Calcium Quantity Per Serve - Total - NIP\",\"Value\":\"6mg\",\"Description\":\"Calcium Quantity Per Serve - Total - NIP\",\"SortOrder\":75},{\"Id\":705,\"Name\":\"Carbohydrate Quantity Per 100g - Total - NIP\",\"Value\":\"82.00g\",\"Description\":\"Carbohydrate Quantity Per 100g - Total - NIP\",\"SortOrder\":83},{\"Id\":706,\"Name\":\"Carbohydrate Quantity Per Serve - Total - NIP\",\"Value\":\"16.40g\",\"Description\":\"Carbohydrate Quantity Per Serve - Total - NIP\",\"SortOrder\":87},{\"Id\":759,\"Name\":\"Energy kJ Quantity Per 100g - Total - NIP\",\"Value\":\"1460.00kJ\",\"Description\":\"Energy kJ Quantity Per 100g - Total - NIP\",\"SortOrder\":239},{\"Id\":760,\"Name\":\"Energy kJ Quantity Per Serve - Total - NIP\",\"Value\":\"292.00kJ\",\"Description\":\"Energy kJ Quantity Per Serve - Total - NIP\",\"SortOrder\":243},{\"Id\":253,\"Name\":\"Fat Saturated Quantity Per 100g - Total - NIP\",\"Value\":\"1.00g\",\"Description\":\"Fat Saturated Quantity Per 100g - Total - NIP\",\"SortOrder\":251},{\"Id\":258,\"Name\":\"Fat Saturated Quantity Per Serve - Total - NIP\",\"Value\":\"0.20g\",\"Description\":\"Fat Saturated Quantity Per Serve - Total - NIP\",\"SortOrder\":255},{\"Id\":764,\"Name\":\"Fat Total Quantity Per 100g - Total - NIP\",\"Value\":\"1.00g\",\"Description\":\"Fat Total Quantity Per 100g - Total - NIP\",\"SortOrder\":263},{\"Id\":166,\"Name\":\"Fat Total Quantity Per 100g - ValueWord - NIP\",\"Value\":\"1.00\",\"Description\":\"Fat Total Quantity Per 100g - ValueWord - NIP\",\"SortOrder\":264},{\"Id\":264,\"Name\":\"Fat Total Quantity Per Serve - Total - NIP\",\"Value\":\"0.20g\",\"Description\":\"Fat Total Quantity Per Serve - Total - NIP\",\"SortOrder\":267},{\"Id\":443,\"Name\":\"Potassium Quantity Per 100g - Total - NIP\",\"Value\":\"7mg\",\"Description\":\"Potassium Quantity Per 100g - Total - NIP\",\"SortOrder\":575},{\"Id\":493,\"Name\":\"Potassium Quantity Per Serve - Total - NIP\",\"Value\":\"7mg\",\"Description\":\"Potassium Quantity Per Serve - Total - NIP\",\"SortOrder\":579},{\"Id\":878,\"Name\":\"Protein Quantity Per 100g - Total - NIP\",\"Value\":\"3.40g\",\"Description\":\"Protein Quantity Per 100g - Total - NIP\",\"SortOrder\":587},{\"Id\":882,\"Name\":\"Protein Quantity Per Serve - Total - NIP\",\"Value\":\"0.70g\",\"Description\":\"Protein Quantity Per Serve - Total - NIP\",\"SortOrder\":591},{\"Id\":477,\"Name\":\"Serving Size - Total - NIP\",\"Value\":\"20.00g\",\"Description\":\"Serving Size - Total - NIP\",\"SortOrder\":607},{\"Id\":544,\"Name\":\"Servings Per Pack - Total - NIP\",\"Value\":\"9.00\",\"Description\":\"Servings Per Pack - Total - NIP\",\"SortOrder\":611},{\"Id\":491,\"Name\":\"Sodium Quantity Per 100g - Total - NIP\",\"Value\":\"95.00mg\",\"Description\":\"Sodium Quantity Per 100g - Total - NIP\",\"SortOrder\":623},{\"Id\":495,\"Name\":\"Sodium Quantity Per Serve - Total - NIP\",\"Value\":\"19.00mg\",\"Description\":\"Sodium Quantity Per Serve - Total - NIP\",\"SortOrder\":627},{\"Id\":907,\"Name\":\"Sugars Quantity Per 100g - Prefix - NIP\",\"Value\":null,\"Description\":\"Sugars Quantity Per 100g - Prefix - NIP\",\"SortOrder\":645},{\"Id\":908,\"Name\":\"Sugars Quantity Per 100g - SuffixUnits - NIP\",\"Value\":\"g\",\"Description\":\"Sugars Quantity Per 100g - SuffixUnits - NIP\",\"SortOrder\":646},{\"Id\":909,\"Name\":\"Sugars Quantity Per 100g - Total - NIP\",\"Value\":\"45.30g\",\"Description\":\"Sugars Quantity Per 100g - Total - NIP\",\"SortOrder\":647},{\"Id\":910,\"Name\":\"Sugars Quantity Per 100g - ValueWord - NIP\",\"Value\":\"45.30\",\"Description\":\"Sugars Quantity Per 100g - ValueWord - NIP\",\"SortOrder\":648},{\"Id\":504,\"Name\":\"Sugars Quantity Per Serve - Prefix - NIP\",\"Value\":null,\"Description\":\"Sugars Quantity Per Serve - Prefix - NIP\",\"SortOrder\":649},{\"Id\":911,\"Name\":\"Sugars Quantity Per Serve - SuffixUnits - NIP\",\"Value\":\"g\",\"Description\":\"Sugars Quantity Per Serve - SuffixUnits - NIP\",\"SortOrder\":650},{\"Id\":912,\"Name\":\"Sugars Quantity Per Serve - Total - NIP\",\"Value\":\"9.10g\",\"Description\":\"Sugars Quantity Per Serve - Total - NIP\",\"SortOrder\":651},{\"Id\":572,\"Name\":\"Sugars Quantity Per Serve - ValueWord - NIP\",\"Value\":\"9.10\",\"Description\":\"Sugars Quantity Per Serve - ValueWord - NIP\",\"SortOrder\":652}]}",
        "ovencook": "False",
        "vegetarian": "False",
        "hypo-allergenic": null,
        "timer": null,
        "dermatologistrecommended": null,
        "sapdepartmentno": "5",
        "allergencontains": "Wheat",
        "waterresistant": null,
        "friendlydisclaimer": null,
        "recyclableinformation": null,
        "usageinstructions": null,
        "freezable": "False"
      },
      "DetailsImagePaths": [
        "https://cdn0.woolworths.media/content/wowproductimages/large/307689.jpg",
        "https://cdn0.woolworths.media/content/wowproductimages/large/307689_2.jpg"
      ],
      "Variety": null,
      "Rating": {
        "ReviewCount": 0,
        "RatingCount": 0,
        "RatingSum": 0,
        "OneStarCount": 0,
        "TwoStarCount": 0,
        "ThreeStarCount": 0,
        "FourStarCount": 0,
        "FiveStarCount": 0,
        "Average": 0,
        "OneStarPercentage": 0,
        "TwoStarPercentage": 0,
        "ThreeStarPercentage": 0,
        "FourStarPercentage": 0,
        "FiveStarPercentage": 0
      },
      "HasProductSubs": false,
      "IsSponsoredAd": false,
      "AdID": null,
      "AdIndex": null,
      "AdStatus": null,
      "IsMarketProduct": false,
      "IsGiftable": false,
      "Vendor": null,
      "Untraceable": false,
      "ThirdPartyProductInfo": null,
      "MarketFeatures": null,
      "MarketSpecifications": null,
      "SupplyLimitSource": "ProductLimit",
      "Tags": [
        {
          "Content": {
            "Type": "Label",
            "Position": "Top",
            "Attributes": {
              "Text": "Save $1.50",
              "Promotion": "Special",
              "BackgroundColor": "#fd0",
              "BorderColor": "#fd0",
              "TextColor": "#000"
            }
          },
          "TemplateId": null,
          "Metadata": null
        },
        {
          "Content": {
            "Type": "Roundel",
            "Position": "Top",
            "Attributes": {
              "ImagePath": "/content/promotiontags/roundel-special-200x200.png",
              "FallbackText": "On Special"
            }
          },
          "TemplateId": null,
          "Metadata": null
        }
      ],
      "IsPersonalisedByPurchaseHistory": false,
      "IsFromFacetedSearch": false,
      "NextAvailabilityDate": "2024-07-11T00:00:00.0000000Z",
      "NumberOfSubstitutes": 0,
      "IsPrimaryVariant": false,
      "VariantGroupId": 0,
      "HasVariants": false,
      "VariantTitle": null,
      "IsTobacco": false,
      "IsB2BExtendedRangeSapCategory": false
    }
  },
  {
    "timestamp": "2024-07-09T11:35:20.524Z",
    "status": "error",
    "productURL": "https://www.woolworths.com.au/shop/productdetails/990934/alpine-fine-carton-fine",
    "error": {}
  },
  {
    "timestamp": "2024-07-09T11:35:20.554Z",
    "status": "success",
    "productURL": "https://www.woolworths.com.au/shop/productdetails/738935/allure-by-tempo-strawberry-yoghurt",
    "product": {
      "TileID": 0,
      "Stockcode": 738935,
      "Barcode": "9313558125295",
      "GtinFormat": 13,
      "CupPrice": 0,
      "InstoreCupPrice": 0,
      "CupMeasure": "100G",
      "CupString": "$0.00 / 100G",
      "InstoreCupString": "$0.00 / 100G",
      "HasCupPrice": false,
      "InstoreHasCupPrice": false,
      "Price": 0,
      "InstorePrice": 0,
      "Name": "Allure By Tempo Strawberry Yoghurt",
      "DisplayName": "Allure By Tempo Strawberry Yoghurt 200g",
      "UrlFriendlyName": "allure-by-tempo-strawberry-yoghurt",
      "Description": " Allure By Tempo Strawberry<br>Yoghurt 200G",
      "SmallImageFile": "https://cdn0.woolworths.media/content/wowproductimages/small/738935.jpg",
      "MediumImageFile": "https://cdn0.woolworths.media/content/wowproductimages/medium/738935.jpg",
      "LargeImageFile": "https://cdn0.woolworths.media/content/wowproductimages/large/738935.jpg",
      "IsNew": false,
      "IsHalfPrice": false,
      "IsOnlineOnly": false,
      "IsOnSpecial": false,
      "InstoreIsOnSpecial": false,
      "IsEdrSpecial": false,
      "SavingsAmount": 0,
      "InstoreSavingsAmount": 0,
      "WasPrice": 0,
      "InstoreWasPrice": 0,
      "QuantityInTrolley": 0,
      "Unit": "Each",
      "MinimumQuantity": 1,
      "HasBeenBoughtBefore": false,
      "IsInTrolley": false,
      "Source": "ProductDetail",
      "SupplyLimit": 36,
      "ProductLimit": 36,
      "MaxSupplyLimitMessage": "36 item limit",
      "IsRanged": false,
      "IsInStock": false,
      "PackageSize": "200G",
      "IsPmDelivery": true,
      "IsForCollection": true,
      "IsForDelivery": true,
      "IsForExpress": true,
      "ProductRestrictionMessage": null,
      "ProductWarningMessage": null,
      "CentreTag": {
        "TagContent": null,
        "TagLink": null,
        "FallbackText": null,
        "TagType": "None",
        "MultibuyData": null,
        "MemberPriceData": null,
        "TagContentText": null,
        "DualImageTagContent": null,
        "PromotionType": "NOT_SET",
        "IsRegisteredRewardCardPromotion": false
      },
      "IsCentreTag": false,
      "ImageTag": {
        "TagContent": null,
        "TagLink": null,
        "FallbackText": null,
        "TagType": "None",
        "MultibuyData": null,
        "MemberPriceData": null,
        "TagContentText": null,
        "DualImageTagContent": null,
        "PromotionType": "NOT_SET",
        "IsRegisteredRewardCardPromotion": false
      },
      "HeaderTag": null,
      "HasHeaderTag": false,
      "UnitWeightInGrams": 200,
      "SupplyLimitMessage": "'Allure By Tempo Strawberry Yoghurt' has a supply limit of 36. The quantity in your cart has been reduced accordingly. To purchase a larger quantity, please contact us on 1800 000 610. Please note we do not supply trade orders.",
      "SmallFormatDescription": "Allure By Tempo Strawberry Yoghurt",
      "FullDescription": "Allure By Tempo Strawberry Yoghurt",
      "IsAvailable": false,
      "InstoreIsAvailable": false,
      "IsPurchasable": false,
      "InstoreIsPurchasable": false,
      "AgeRestricted": false,
      "DisplayQuantity": 1,
      "RichDescription": "<p>Made to traditional european recipes, allure is a delicious combination of real ‘pot set’ yoghurt and zesty australian strawberries. It is low in fat, yet rich and creamy. Real yoghurt, real goodness you can taste, real allure.</p>",
      "HideWasSavedPrice": true,
      "SapCategories": {
        "SapDepartmentName": "FRESH CONVENIENCE",
        "SapCategoryName": "DAIRY- PLANT BASED AND ETHNIC",
        "SapSubCategoryName": "DAIRY - ETHNIC",
        "SapSegmentName": "CHILLED KOSHER"
      },
      "Brand": "Allure By Tempo",
      "IsRestrictedByDeliveryMethod": false,
      "FooterTag": {
        "TagContent": null,
        "TagLink": null,
        "FallbackText": null,
        "TagType": "None",
        "MultibuyData": null,
        "MemberPriceData": null,
        "TagContentText": null,
        "DualImageTagContent": null,
        "PromotionType": "NOT_SET",
        "IsRegisteredRewardCardPromotion": false
      },
      "IsFooterEnabled": true,
      "Diagnostics": "0",
      "IsBundle": false,
      "IsInFamily": false,
      "ChildProducts": [],
      "UrlOverride": null,
      "AdditionalAttributes": {
        "boxedcontents": null,
        "addedvitaminsandminerals": "False",
        "sapdepartmentname": "FRESH CONVENIENCE",
        "spf": null,
        "haircolour": null,
        "lifestyleanddietarystatement": "Kosher",
        "sapcategoryname": "DAIRY- PLANT BASED AND ETHNIC",
        "skintype": null,
        "importantinformation": null,
        "allergystatement": null,
        "productdepthmm": null,
        "skincondition": null,
        "ophthalmologistapproved": null,
        "healthstarrating": null,
        "hairtype": null,
        "fragrance-free": null,
        "sapsegmentname": "CHILLED KOSHER",
        "suitablefor": null,
        "PiesProductDepartmentsjson": "[{\"Id\":\"1_6E4F4E4\",\"Description\":\"Dairy, Eggs & Fridge\"}]",
        "piessubcategorynamesjson": "[\"Chilled Kosher\"]",
        "sapsegmentno": "3",
        "productwidthmm": null,
        "contains": null,
        "sapsubcategoryname": "DAIRY - ETHNIC",
        "dermatologisttested": null,
        "wool_productpackaging": null,
        "dermatologicallyapproved": null,
        "specialsgroupid": null,
        "productimages": "738935.jpg",
        "productheightmm": null,
        "r&r_hidereviews": null,
        "microwavesafe": "False",
        "paba-free": null,
        "lifestyleclaim": "Kosher",
        "alcoholfree": null,
        "tgawarning": null,
        "activeconstituents": null,
        "microwaveable": "False",
        "soap-free": null,
        "countryoforigin": null,
        "isexcludedfromsubstitution": "False",
        "productimagecount": "1",
        "r&r_loggedinreviews": null,
        "anti-dandruff": null,
        "servingsize-total-nip": null,
        "tgahealthwarninglink": null,
        "allergenmaybepresent": null,
        "PiesProductDepartmentNodeId": "1_6E4F4E4",
        "parabenfree": "False",
        "vendorarticleid": null,
        "containsgluten": "False",
        "containsnuts": "False",
        "ingredients": null,
        "colour": null,
        "manufacturer": null,
        "sapcategoryno": "14",
        "storageinstructions": null,
        "tgawarnings": null,
        "piesdepartmentnamesjson": "[\"Dairy, Eggs & Fridge\"]",
        "brand": "allure by tempo",
        "oilfree": null,
        "fragrance": null,
        "antibacterial": "False",
        "non-comedogenic": null,
        "antiseptic": "False",
        "bpafree": "False",
        "vendorcostprice": null,
        "description": "<p>Made to traditional european recipes, allure is a delicious combination of real ‘pot set’ yoghurt and zesty australian strawberries. It is low in fat, yet rich and creamy. Real yoghurt, real goodness you can taste, real allure.</p>",
        "sweatresistant": null,
        "sapsubcategoryno": "857",
        "antioxidant": "False",
        "claims": null,
        "phbalanced": null,
        "wool_dietaryclaim": null,
        "ophthalmologisttested": null,
        "sulfatefree": "False",
        "servingsperpack-total-nip": null,
        "piescategorynamesjson": "[\"International Foods\"]",
        "nutritionalinformation": "{\"Name\":\"Nutritional Information\",\"Attributes\":[{\"Id\":702,\"Name\":\"Calcium Quantity Per 100g - Total - NIP\",\"Value\":\"136mg\",\"Description\":\"Calcium Quantity Per 100g - Total - NIP\",\"SortOrder\":71},{\"Id\":705,\"Name\":\"Carbohydrate Quantity Per 100g - Total - NIP\",\"Value\":\"17.9g\",\"Description\":\"Carbohydrate Quantity Per 100g - Total - NIP\",\"SortOrder\":83},{\"Id\":714,\"Name\":\"Cholesterol Quantity Per 100g - Total - NIP\",\"Value\":\"16mg\",\"Description\":\"Cholesterol Quantity Per 100g - Total - NIP\",\"SortOrder\":111},{\"Id\":191,\"Name\":\"Dietary Fibre Quantity Per 100g - Total - NIP\",\"Value\":\"1.2g\",\"Description\":\"Dietary Fibre Quantity Per 100g - Total - NIP\",\"SortOrder\":175},{\"Id\":759,\"Name\":\"Energy kJ Quantity Per 100g - Total - NIP\",\"Value\":\"540kJ\",\"Description\":\"Energy kJ Quantity Per 100g - Total - NIP\",\"SortOrder\":239},{\"Id\":253,\"Name\":\"Fat Saturated Quantity Per 100g - Total - NIP\",\"Value\":\"2.48g\",\"Description\":\"Fat Saturated Quantity Per 100g - Total - NIP\",\"SortOrder\":251},{\"Id\":764,\"Name\":\"Fat Total Quantity Per 100g - Total - NIP\",\"Value\":\"4g\",\"Description\":\"Fat Total Quantity Per 100g - Total - NIP\",\"SortOrder\":263},{\"Id\":166,\"Name\":\"Fat Total Quantity Per 100g - ValueWord - NIP\",\"Value\":\"4\",\"Description\":\"Fat Total Quantity Per 100g - ValueWord - NIP\",\"SortOrder\":264},{\"Id\":402,\"Name\":\"Monounsaturated Quantity Per 100g - Total - NIP\",\"Value\":\"1.12g\",\"Description\":\"Monounsaturated Quantity Per 100g - Total - NIP\",\"SortOrder\":479},{\"Id\":434,\"Name\":\"Polyunsaturated Quantity Per 100g - Total - NIP\",\"Value\":\"0.11g\",\"Description\":\"Polyunsaturated Quantity Per 100g - Total - NIP\",\"SortOrder\":563},{\"Id\":443,\"Name\":\"Potassium Quantity Per 100g - Total - NIP\",\"Value\":\"225mg\",\"Description\":\"Potassium Quantity Per 100g - Total - NIP\",\"SortOrder\":575},{\"Id\":878,\"Name\":\"Protein Quantity Per 100g - Total - NIP\",\"Value\":\"4.5g\",\"Description\":\"Protein Quantity Per 100g - Total - NIP\",\"SortOrder\":587},{\"Id\":491,\"Name\":\"Sodium Quantity Per 100g - Total - NIP\",\"Value\":\"54mg\",\"Description\":\"Sodium Quantity Per 100g - Total - NIP\",\"SortOrder\":623},{\"Id\":908,\"Name\":\"Sugars Quantity Per 100g - SuffixUnits - NIP\",\"Value\":\"g\",\"Description\":\"Sugars Quantity Per 100g - SuffixUnits - NIP\",\"SortOrder\":646},{\"Id\":909,\"Name\":\"Sugars Quantity Per 100g - Total - NIP\",\"Value\":\"17.9g\",\"Description\":\"Sugars Quantity Per 100g - Total - NIP\",\"SortOrder\":647},{\"Id\":910,\"Name\":\"Sugars Quantity Per 100g - ValueWord - NIP\",\"Value\":\"17.9\",\"Description\":\"Sugars Quantity Per 100g - ValueWord - NIP\",\"SortOrder\":648},{\"Id\":593,\"Name\":\"Trans Quantity Per 100g - Total - NIP\",\"Value\":\"74.18mg\",\"Description\":\"Trans Quantity Per 100g - Total - NIP\",\"SortOrder\":667}]}",
        "ovencook": "False",
        "vegetarian": "False",
        "hypo-allergenic": null,
        "timer": null,
        "dermatologistrecommended": null,
        "sapdepartmentno": "10",
        "allergencontains": null,
        "waterresistant": null,
        "friendlydisclaimer": null,
        "recyclableinformation": null,
        "usageinstructions": null,
        "freezable": "False"
      },
      "DetailsImagePaths": [
        "https://cdn0.woolworths.media/content/wowproductimages/large/738935.jpg"
      ],
      "Variety": "Yoghurt",
      "Rating": {
        "ReviewCount": 0,
        "RatingCount": 0,
        "RatingSum": 0,
        "OneStarCount": 0,
        "TwoStarCount": 0,
        "ThreeStarCount": 0,
        "FourStarCount": 0,
        "FiveStarCount": 0,
        "Average": 0,
        "OneStarPercentage": 0,
        "TwoStarPercentage": 0,
        "ThreeStarPercentage": 0,
        "FourStarPercentage": 0,
        "FiveStarPercentage": 0
      },
      "HasProductSubs": false,
      "IsSponsoredAd": false,
      "AdID": null,
      "AdIndex": null,
      "AdStatus": null,
      "IsMarketProduct": false,
      "IsGiftable": false,
      "Vendor": null,
      "Untraceable": false,
      "ThirdPartyProductInfo": null,
      "MarketFeatures": null,
      "MarketSpecifications": null,
      "SupplyLimitSource": "ProductLimit",
      "Tags": null,
      "IsPersonalisedByPurchaseHistory": false,
      "IsFromFacetedSearch": false,
      "NextAvailabilityDate": null,
      "NumberOfSubstitutes": 0,
      "IsPrimaryVariant": false,
      "VariantGroupId": 0,
      "HasVariants": false,
      "VariantTitle": null,
      "IsTobacco": false,
      "IsB2BExtendedRangeSapCategory": false
    }
  },
  {
    "timestamp": "2024-07-09T11:35:20.577Z",
    "status": "success",
    "productURL": "https://www.woolworths.com.au/shop/productdetails/738953/allure-by-tempo-vanilla-yoghurt",
    "product": {
      "TileID": 0,
      "Stockcode": 738953,
      "Barcode": "9313558125349",
      "GtinFormat": 13,
      "CupPrice": 0,
      "InstoreCupPrice": 0,
      "CupMeasure": "100G",
      "CupString": "$0.00 / 100G",
      "InstoreCupString": "$0.00 / 100G",
      "HasCupPrice": false,
      "InstoreHasCupPrice": false,
      "Price": 0,
      "InstorePrice": 0,
      "Name": "Allure By Tempo Vanilla Yoghurt",
      "DisplayName": "Allure By Tempo Vanilla Yoghurt 200g",
      "UrlFriendlyName": "allure-by-tempo-vanilla-yoghurt",
      "Description": " Allure By Tempo Vanilla<br>Yoghurt 200G",
      "SmallImageFile": "https://cdn0.woolworths.media/content/wowproductimages/small/738953.jpg",
      "MediumImageFile": "https://cdn0.woolworths.media/content/wowproductimages/medium/738953.jpg",
      "LargeImageFile": "https://cdn0.woolworths.media/content/wowproductimages/large/738953.jpg",
      "IsNew": false,
      "IsHalfPrice": false,
      "IsOnlineOnly": false,
      "IsOnSpecial": false,
      "InstoreIsOnSpecial": false,
      "IsEdrSpecial": false,
      "SavingsAmount": 0,
      "InstoreSavingsAmount": 0,
      "WasPrice": 0,
      "InstoreWasPrice": 0,
      "QuantityInTrolley": 0,
      "Unit": "Each",
      "MinimumQuantity": 1,
      "HasBeenBoughtBefore": false,
      "IsInTrolley": false,
      "Source": "ProductDetail",
      "SupplyLimit": 36,
      "ProductLimit": 36,
      "MaxSupplyLimitMessage": "36 item limit",
      "IsRanged": false,
      "IsInStock": false,
      "PackageSize": "200G",
      "IsPmDelivery": true,
      "IsForCollection": true,
      "IsForDelivery": true,
      "IsForExpress": true,
      "ProductRestrictionMessage": null,
      "ProductWarningMessage": null,
      "CentreTag": {
        "TagContent": null,
        "TagLink": null,
        "FallbackText": null,
        "TagType": "None",
        "MultibuyData": null,
        "MemberPriceData": null,
        "TagContentText": null,
        "DualImageTagContent": null,
        "PromotionType": "NOT_SET",
        "IsRegisteredRewardCardPromotion": false
      },
      "IsCentreTag": false,
      "ImageTag": {
        "TagContent": null,
        "TagLink": null,
        "FallbackText": null,
        "TagType": "None",
        "MultibuyData": null,
        "MemberPriceData": null,
        "TagContentText": null,
        "DualImageTagContent": null,
        "PromotionType": "NOT_SET",
        "IsRegisteredRewardCardPromotion": false
      },
      "HeaderTag": null,
      "HasHeaderTag": false,
      "UnitWeightInGrams": 200,
      "SupplyLimitMessage": "'Allure By Tempo Vanilla Yoghurt' has a supply limit of 36. The quantity in your cart has been reduced accordingly. To purchase a larger quantity, please contact us on 1800 000 610. Please note we do not supply trade orders.",
      "SmallFormatDescription": "Allure By Tempo Vanilla Yoghurt",
      "FullDescription": "Allure By Tempo Vanilla Yoghurt",
      "IsAvailable": false,
      "InstoreIsAvailable": false,
      "IsPurchasable": false,
      "InstoreIsPurchasable": false,
      "AgeRestricted": false,
      "DisplayQuantity": 1,
      "RichDescription": "<p>Made to traditional european recipes, allure is a delicious combination of real ‘pot set’ yoghurt and divine vanilla. It is low in fat, yet rich and creamy. Real yoghurt, real goodness you can taste, real allure.</p>",
      "HideWasSavedPrice": true,
      "SapCategories": {
        "SapDepartmentName": "FRESH CONVENIENCE",
        "SapCategoryName": "DAIRY- PLANT BASED AND ETHNIC",
        "SapSubCategoryName": "DAIRY - ETHNIC",
        "SapSegmentName": "CHILLED KOSHER"
      },
      "Brand": "Allure By Tempo",
      "IsRestrictedByDeliveryMethod": false,
      "FooterTag": {
        "TagContent": null,
        "TagLink": null,
        "FallbackText": null,
        "TagType": "None",
        "MultibuyData": null,
        "MemberPriceData": null,
        "TagContentText": null,
        "DualImageTagContent": null,
        "PromotionType": "NOT_SET",
        "IsRegisteredRewardCardPromotion": false
      },
      "IsFooterEnabled": true,
      "Diagnostics": "0",
      "IsBundle": false,
      "IsInFamily": false,
      "ChildProducts": [],
      "UrlOverride": null,
      "AdditionalAttributes": {
        "boxedcontents": null,
        "addedvitaminsandminerals": "False",
        "sapdepartmentname": "FRESH CONVENIENCE",
        "spf": null,
        "haircolour": null,
        "lifestyleanddietarystatement": "Low Fat",
        "sapcategoryname": "DAIRY- PLANT BASED AND ETHNIC",
        "skintype": null,
        "importantinformation": null,
        "allergystatement": null,
        "productdepthmm": null,
        "skincondition": null,
        "ophthalmologistapproved": null,
        "healthstarrating": null,
        "hairtype": null,
        "fragrance-free": null,
        "sapsegmentname": "CHILLED KOSHER",
        "suitablefor": null,
        "PiesProductDepartmentsjson": "[{\"Id\":\"1_6E4F4E4\",\"Description\":\"Dairy, Eggs & Fridge\"}]",
        "piessubcategorynamesjson": "[\"Chilled Kosher\"]",
        "sapsegmentno": "3",
        "productwidthmm": null,
        "contains": null,
        "sapsubcategoryname": "DAIRY - ETHNIC",
        "dermatologisttested": null,
        "wool_productpackaging": null,
        "dermatologicallyapproved": null,
        "specialsgroupid": null,
        "productimages": "738953.jpg",
        "productheightmm": null,
        "r&r_hidereviews": null,
        "microwavesafe": "False",
        "paba-free": null,
        "lifestyleclaim": null,
        "alcoholfree": null,
        "tgawarning": null,
        "activeconstituents": null,
        "microwaveable": "False",
        "soap-free": null,
        "countryoforigin": null,
        "isexcludedfromsubstitution": "False",
        "productimagecount": "1",
        "r&r_loggedinreviews": null,
        "anti-dandruff": null,
        "servingsize-total-nip": null,
        "tgahealthwarninglink": null,
        "allergenmaybepresent": null,
        "PiesProductDepartmentNodeId": "1_6E4F4E4",
        "parabenfree": "False",
        "vendorarticleid": null,
        "containsgluten": "False",
        "containsnuts": "False",
        "ingredients": null,
        "colour": null,
        "manufacturer": null,
        "sapcategoryno": "14",
        "storageinstructions": null,
        "tgawarnings": null,
        "piesdepartmentnamesjson": "[\"Dairy, Eggs & Fridge\"]",
        "brand": "allure by tempo",
        "oilfree": null,
        "fragrance": null,
        "antibacterial": "False",
        "non-comedogenic": null,
        "antiseptic": "False",
        "bpafree": "False",
        "vendorcostprice": null,
        "description": "<p>Made to traditional european recipes, allure is a delicious combination of real ‘pot set’ yoghurt and divine vanilla. It is low in fat, yet rich and creamy. Real yoghurt, real goodness you can taste, real allure.</p>",
        "sweatresistant": null,
        "sapsubcategoryno": "857",
        "antioxidant": "False",
        "claims": null,
        "phbalanced": null,
        "wool_dietaryclaim": null,
        "ophthalmologisttested": null,
        "sulfatefree": "False",
        "servingsperpack-total-nip": null,
        "piescategorynamesjson": "[\"International Foods\"]",
        "nutritionalinformation": "{\"Name\":\"Nutritional Information\",\"Attributes\":[{\"Id\":702,\"Name\":\"Calcium Quantity Per 100g - Total - NIP\",\"Value\":\"163mg\",\"Description\":\"Calcium Quantity Per 100g - Total - NIP\",\"SortOrder\":71},{\"Id\":705,\"Name\":\"Carbohydrate Quantity Per 100g - Total - NIP\",\"Value\":\"15.4g\",\"Description\":\"Carbohydrate Quantity Per 100g - Total - NIP\",\"SortOrder\":83},{\"Id\":714,\"Name\":\"Cholesterol Quantity Per 100g - Total - NIP\",\"Value\":\"5mg\",\"Description\":\"Cholesterol Quantity Per 100g - Total - NIP\",\"SortOrder\":111},{\"Id\":191,\"Name\":\"Dietary Fibre Quantity Per 100g - Total - NIP\",\"Value\":\"0.1g\",\"Description\":\"Dietary Fibre Quantity Per 100g - Total - NIP\",\"SortOrder\":175},{\"Id\":759,\"Name\":\"Energy kJ Quantity Per 100g - Total - NIP\",\"Value\":\"414kJ\",\"Description\":\"Energy kJ Quantity Per 100g - Total - NIP\",\"SortOrder\":239},{\"Id\":253,\"Name\":\"Fat Saturated Quantity Per 100g - Total - NIP\",\"Value\":\"1.03g\",\"Description\":\"Fat Saturated Quantity Per 100g - Total - NIP\",\"SortOrder\":251},{\"Id\":764,\"Name\":\"Fat Total Quantity Per 100g - Total - NIP\",\"Value\":\"1.6g\",\"Description\":\"Fat Total Quantity Per 100g - Total - NIP\",\"SortOrder\":263},{\"Id\":166,\"Name\":\"Fat Total Quantity Per 100g - ValueWord - NIP\",\"Value\":\"1.6\",\"Description\":\"Fat Total Quantity Per 100g - ValueWord - NIP\",\"SortOrder\":264},{\"Id\":402,\"Name\":\"Monounsaturated Quantity Per 100g - Total - NIP\",\"Value\":\"0.38g\",\"Description\":\"Monounsaturated Quantity Per 100g - Total - NIP\",\"SortOrder\":479},{\"Id\":434,\"Name\":\"Polyunsaturated Quantity Per 100g - Total - NIP\",\"Value\":\"0.06g\",\"Description\":\"Polyunsaturated Quantity Per 100g - Total - NIP\",\"SortOrder\":563},{\"Id\":443,\"Name\":\"Potassium Quantity Per 100g - Total - NIP\",\"Value\":\"220mg\",\"Description\":\"Potassium Quantity Per 100g - Total - NIP\",\"SortOrder\":575},{\"Id\":878,\"Name\":\"Protein Quantity Per 100g - Total - NIP\",\"Value\":\"5.2g\",\"Description\":\"Protein Quantity Per 100g - Total - NIP\",\"SortOrder\":587},{\"Id\":491,\"Name\":\"Sodium Quantity Per 100g - Total - NIP\",\"Value\":\"65mg\",\"Description\":\"Sodium Quantity Per 100g - Total - NIP\",\"SortOrder\":623},{\"Id\":908,\"Name\":\"Sugars Quantity Per 100g - SuffixUnits - NIP\",\"Value\":\"g\",\"Description\":\"Sugars Quantity Per 100g - SuffixUnits - NIP\",\"SortOrder\":646},{\"Id\":909,\"Name\":\"Sugars Quantity Per 100g - Total - NIP\",\"Value\":\"15.4g\",\"Description\":\"Sugars Quantity Per 100g - Total - NIP\",\"SortOrder\":647},{\"Id\":910,\"Name\":\"Sugars Quantity Per 100g - ValueWord - NIP\",\"Value\":\"15.4\",\"Description\":\"Sugars Quantity Per 100g - ValueWord - NIP\",\"SortOrder\":648},{\"Id\":593,\"Name\":\"Trans Quantity Per 100g - Total - NIP\",\"Value\":\"30.24mg\",\"Description\":\"Trans Quantity Per 100g - Total - NIP\",\"SortOrder\":667}]}",
        "ovencook": "False",
        "vegetarian": "False",
        "hypo-allergenic": null,
        "timer": null,
        "dermatologistrecommended": null,
        "sapdepartmentno": "10",
        "allergencontains": null,
        "waterresistant": null,
        "friendlydisclaimer": null,
        "recyclableinformation": null,
        "usageinstructions": null,
        "freezable": "False"
      },
      "DetailsImagePaths": [
        "https://cdn0.woolworths.media/content/wowproductimages/large/738953.jpg"
      ],
      "Variety": "Yoghurt",
      "Rating": {
        "ReviewCount": 0,
        "RatingCount": 0,
        "RatingSum": 0,
        "OneStarCount": 0,
        "TwoStarCount": 0,
        "ThreeStarCount": 0,
        "FourStarCount": 0,
        "FiveStarCount": 0,
        "Average": 0,
        "OneStarPercentage": 0,
        "TwoStarPercentage": 0,
        "ThreeStarPercentage": 0,
        "FourStarPercentage": 0,
        "FiveStarPercentage": 0
      },
      "HasProductSubs": false,
      "IsSponsoredAd": false,
      "AdID": null,
      "AdIndex": null,
      "AdStatus": null,
      "IsMarketProduct": false,
      "IsGiftable": false,
      "Vendor": null,
      "Untraceable": false,
      "ThirdPartyProductInfo": null,
      "MarketFeatures": null,
      "MarketSpecifications": null,
      "SupplyLimitSource": "ProductLimit",
      "Tags": null,
      "IsPersonalisedByPurchaseHistory": false,
      "IsFromFacetedSearch": false,
      "NextAvailabilityDate": null,
      "NumberOfSubstitutes": 0,
      "IsPrimaryVariant": false,
      "VariantGroupId": 0,
      "HasVariants": false,
      "VariantTitle": null,
      "IsTobacco": false,
      "IsB2BExtendedRangeSapCategory": false
    }
  },
  {
    "timestamp": "2024-07-09T11:35:20.600Z",
    "status": "success",
    "productURL": "https://www.woolworths.com.au/shop/productdetails/377711/alprose-chocolate-cooking-dark",
    "product": {
      "TileID": 0,
      "Stockcode": 377711,
      "Barcode": "712963000286",
      "GtinFormat": 12,
      "CupPrice": 0,
      "InstoreCupPrice": 0,
      "CupMeasure": "100G",
      "CupString": "$0.00 / 100G",
      "InstoreCupString": "$0.00 / 100G",
      "HasCupPrice": false,
      "InstoreHasCupPrice": false,
      "Price": 0,
      "InstorePrice": 0,
      "Name": "Alprose Chocolate Cooking Dark",
      "DisplayName": "Alprose Chocolate Cooking Dark 300g",
      "UrlFriendlyName": "alprose-chocolate-cooking-dark",
      "Description": " Alprose Chocolate Cooking<br>Dark 300G",
      "SmallImageFile": "https://cdn0.woolworths.media/content/wowproductimages/small/377711.jpg",
      "MediumImageFile": "https://cdn0.woolworths.media/content/wowproductimages/medium/377711.jpg",
      "LargeImageFile": "https://cdn0.woolworths.media/content/wowproductimages/large/377711.jpg",
      "IsNew": false,
      "IsHalfPrice": false,
      "IsOnlineOnly": false,
      "IsOnSpecial": false,
      "InstoreIsOnSpecial": false,
      "IsEdrSpecial": false,
      "SavingsAmount": 0,
      "InstoreSavingsAmount": 0,
      "WasPrice": 0,
      "InstoreWasPrice": 0,
      "QuantityInTrolley": 0,
      "Unit": "Each",
      "MinimumQuantity": 1,
      "HasBeenBoughtBefore": false,
      "IsInTrolley": false,
      "Source": "ProductDetail",
      "SupplyLimit": 36,
      "ProductLimit": 36,
      "MaxSupplyLimitMessage": "36 item limit",
      "IsRanged": false,
      "IsInStock": false,
      "PackageSize": "300G",
      "IsPmDelivery": false,
      "IsForCollection": true,
      "IsForDelivery": true,
      "IsForExpress": true,
      "ProductRestrictionMessage": null,
      "ProductWarningMessage": null,
      "CentreTag": {
        "TagContent": null,
        "TagLink": null,
        "FallbackText": null,
        "TagType": "None",
        "MultibuyData": null,
        "MemberPriceData": null,
        "TagContentText": null,
        "DualImageTagContent": null,
        "PromotionType": "NOT_SET",
        "IsRegisteredRewardCardPromotion": false
      },
      "IsCentreTag": false,
      "ImageTag": {
        "TagContent": null,
        "TagLink": null,
        "FallbackText": null,
        "TagType": "None",
        "MultibuyData": null,
        "MemberPriceData": null,
        "TagContentText": null,
        "DualImageTagContent": null,
        "PromotionType": "NOT_SET",
        "IsRegisteredRewardCardPromotion": false
      },
      "HeaderTag": null,
      "HasHeaderTag": false,
      "UnitWeightInGrams": 300,
      "SupplyLimitMessage": "'Alprose Chocolate Cooking Dark' has a supply limit of 36. The quantity in your cart has been reduced accordingly. To purchase a larger quantity, please contact us on 1800 000 610. Please note we do not supply trade orders.",
      "SmallFormatDescription": "Alprose Chocolate Cooking Dark",
      "FullDescription": "Alprose Chocolate Cooking Dark",
      "IsAvailable": false,
      "InstoreIsAvailable": false,
      "IsPurchasable": false,
      "InstoreIsPurchasable": false,
      "AgeRestricted": false,
      "DisplayQuantity": 1,
      "RichDescription": "<p>Without Lecithin.</p>",
      "HideWasSavedPrice": true,
      "SapCategories": {
        "SapDepartmentName": "GROCERIES",
        "SapCategoryName": "ETHNIC / GOURMET FOOD",
        "SapSubCategoryName": "KOSHER FOODS",
        "SapSegmentName": "BAKING"
      },
      "Brand": "Alprose",
      "IsRestrictedByDeliveryMethod": false,
      "FooterTag": {
        "TagContent": null,
        "TagLink": null,
        "FallbackText": null,
        "TagType": "None",
        "MultibuyData": null,
        "MemberPriceData": null,
        "TagContentText": null,
        "DualImageTagContent": null,
        "PromotionType": "NOT_SET",
        "IsRegisteredRewardCardPromotion": false
      },
      "IsFooterEnabled": false,
      "Diagnostics": "0",
      "IsBundle": false,
      "IsInFamily": false,
      "ChildProducts": [],
      "UrlOverride": null,
      "AdditionalAttributes": {
        "boxedcontents": null,
        "addedvitaminsandminerals": "False",
        "sapdepartmentname": "GROCERIES",
        "spf": null,
        "haircolour": null,
        "lifestyleanddietarystatement": "Kosher",
        "sapcategoryname": "ETHNIC / GOURMET FOOD",
        "skintype": null,
        "importantinformation": null,
        "allergystatement": "Wheat Free",
        "productdepthmm": null,
        "skincondition": null,
        "ophthalmologistapproved": null,
        "healthstarrating": null,
        "hairtype": null,
        "fragrance-free": null,
        "sapsegmentname": "BAKING",
        "suitablefor": null,
        "PiesProductDepartmentsjson": "[{\"Id\":\"1_39FD49C\",\"Description\":\"Pantry\"},{\"Id\":\"1_F229FBE\",\"Description\":\"International Foods\"}]",
        "piessubcategorynamesjson": "[\"Kosher\",\"Kosher Foods\"]",
        "sapsegmentno": "10",
        "productwidthmm": null,
        "contains": null,
        "sapsubcategoryname": "KOSHER FOODS",
        "dermatologisttested": null,
        "wool_productpackaging": null,
        "dermatologicallyapproved": null,
        "specialsgroupid": null,
        "productimages": "377711.jpg,377711_1.jpg,377711_2.jpg",
        "productheightmm": null,
        "r&r_hidereviews": null,
        "microwavesafe": "False",
        "paba-free": null,
        "lifestyleclaim": "Kosher",
        "alcoholfree": null,
        "tgawarning": null,
        "activeconstituents": null,
        "microwaveable": "False",
        "soap-free": null,
        "countryoforigin": null,
        "isexcludedfromsubstitution": "False",
        "productimagecount": "3",
        "r&r_loggedinreviews": null,
        "anti-dandruff": null,
        "servingsize-total-nip": null,
        "tgahealthwarninglink": null,
        "allergenmaybepresent": "Gluten, Milk, Soy, Tree Nuts",
        "PiesProductDepartmentNodeId": "1_39FD49C",
        "parabenfree": "False",
        "vendorarticleid": null,
        "containsgluten": "False",
        "containsnuts": "False",
        "ingredients": "Chocolate Liquor (Cocoa Mass), Sugar, Cocoa Fat (Cocoa Butter), Hazelnuts, Artificial Flavour (Vanilla). Cocoa Solids: 50% Minimum Chocolate Noir.",
        "colour": null,
        "manufacturer": null,
        "sapcategoryno": "79",
        "storageinstructions": "Keep cool and dry.",
        "tgawarnings": null,
        "piesdepartmentnamesjson": "[\"Pantry\",\"International Foods\"]",
        "brand": "alprose",
        "oilfree": null,
        "fragrance": null,
        "antibacterial": "False",
        "non-comedogenic": null,
        "antiseptic": "False",
        "bpafree": "False",
        "vendorcostprice": null,
        "description": "<p>Without Lecithin.</p>",
        "sweatresistant": null,
        "sapsubcategoryno": "24",
        "antioxidant": "False",
        "claims": null,
        "phbalanced": null,
        "wool_dietaryclaim": null,
        "ophthalmologisttested": null,
        "sulfatefree": "False",
        "servingsperpack-total-nip": null,
        "piescategorynamesjson": "[\"International Foods\",\"Kosher\"]",
        "nutritionalinformation": "{\"Name\":\"Nutritional Information\",\"Attributes\":[{\"Id\":702,\"Name\":\"Calcium Quantity Per 100g - Total - NIP\",\"Value\":\"52mg\",\"Description\":\"Calcium Quantity Per 100g - Total - NIP\",\"SortOrder\":71},{\"Id\":47,\"Name\":\"Calcium Quantity Per Serve - Total - NIP\",\"Value\":\"20.8mg\",\"Description\":\"Calcium Quantity Per Serve - Total - NIP\",\"SortOrder\":75},{\"Id\":705,\"Name\":\"Carbohydrate Quantity Per 100g - Total - NIP\",\"Value\":\"45.4g\",\"Description\":\"Carbohydrate Quantity Per 100g - Total - NIP\",\"SortOrder\":83},{\"Id\":706,\"Name\":\"Carbohydrate Quantity Per Serve - Total - NIP\",\"Value\":\"18.1g\",\"Description\":\"Carbohydrate Quantity Per Serve - Total - NIP\",\"SortOrder\":87},{\"Id\":191,\"Name\":\"Dietary Fibre Quantity Per 100g - Total - NIP\",\"Value\":\"1.2g\",\"Description\":\"Dietary Fibre Quantity Per 100g - Total - NIP\",\"SortOrder\":175},{\"Id\":120,\"Name\":\"Dietary Fibre Quantity Per Serve - Total - NIP\",\"Value\":\"0.48g\",\"Description\":\"Dietary Fibre Quantity Per Serve - Total - NIP\",\"SortOrder\":179},{\"Id\":759,\"Name\":\"Energy kJ Quantity Per 100g - Total - NIP\",\"Value\":\"2285kJ\",\"Description\":\"Energy kJ Quantity Per 100g - Total - NIP\",\"SortOrder\":239},{\"Id\":760,\"Name\":\"Energy kJ Quantity Per Serve - Total - NIP\",\"Value\":\"914kJ\",\"Description\":\"Energy kJ Quantity Per Serve - Total - NIP\",\"SortOrder\":243},{\"Id\":253,\"Name\":\"Fat Saturated Quantity Per 100g - Total - NIP\",\"Value\":\"20.9g\",\"Description\":\"Fat Saturated Quantity Per 100g - Total - NIP\",\"SortOrder\":251},{\"Id\":258,\"Name\":\"Fat Saturated Quantity Per Serve - Total - NIP\",\"Value\":\"8.4g\",\"Description\":\"Fat Saturated Quantity Per Serve - Total - NIP\",\"SortOrder\":255},{\"Id\":764,\"Name\":\"Fat Total Quantity Per 100g - Total - NIP\",\"Value\":\"36.4g\",\"Description\":\"Fat Total Quantity Per 100g - Total - NIP\",\"SortOrder\":263},{\"Id\":166,\"Name\":\"Fat Total Quantity Per 100g - ValueWord - NIP\",\"Value\":\"36.4\",\"Description\":\"Fat Total Quantity Per 100g - ValueWord - NIP\",\"SortOrder\":264},{\"Id\":264,\"Name\":\"Fat Total Quantity Per Serve - Total - NIP\",\"Value\":\"14.6g\",\"Description\":\"Fat Total Quantity Per Serve - Total - NIP\",\"SortOrder\":267},{\"Id\":402,\"Name\":\"Monounsaturated Quantity Per 100g - Total - NIP\",\"Value\":\"9.16g\",\"Description\":\"Monounsaturated Quantity Per 100g - Total - NIP\",\"SortOrder\":479},{\"Id\":834,\"Name\":\"Monounsaturated Quantity Per Serve - Total - NIP\",\"Value\":\"3.66g\",\"Description\":\"Monounsaturated Quantity Per Serve - Total - NIP\",\"SortOrder\":483},{\"Id\":434,\"Name\":\"Polyunsaturated Quantity Per 100g - Total - NIP\",\"Value\":\"0.95g\",\"Description\":\"Polyunsaturated Quantity Per 100g - Total - NIP\",\"SortOrder\":563},{\"Id\":435,\"Name\":\"Polyunsaturated Quantity Per Serve - Total - NIP\",\"Value\":\"0.38g\",\"Description\":\"Polyunsaturated Quantity Per Serve - Total - NIP\",\"SortOrder\":567},{\"Id\":443,\"Name\":\"Potassium Quantity Per 100g - Total - NIP\",\"Value\":\"440mg\",\"Description\":\"Potassium Quantity Per 100g - Total - NIP\",\"SortOrder\":575},{\"Id\":493,\"Name\":\"Potassium Quantity Per Serve - Total - NIP\",\"Value\":\"176mg\",\"Description\":\"Potassium Quantity Per Serve - Total - NIP\",\"SortOrder\":579},{\"Id\":878,\"Name\":\"Protein Quantity Per 100g - Total - NIP\",\"Value\":\"5.7\",\"Description\":\"Protein Quantity Per 100g - Total - NIP\",\"SortOrder\":587},{\"Id\":882,\"Name\":\"Protein Quantity Per Serve - Total - NIP\",\"Value\":\"2.3g\",\"Description\":\"Protein Quantity Per Serve - Total - NIP\",\"SortOrder\":591},{\"Id\":477,\"Name\":\"Serving Size - Total - NIP\",\"Value\":\"40g\",\"Description\":\"Serving Size - Total - NIP\",\"SortOrder\":607},{\"Id\":544,\"Name\":\"Servings Per Pack - Total - NIP\",\"Value\":\"7.5\",\"Description\":\"Servings Per Pack - Total - NIP\",\"SortOrder\":611},{\"Id\":491,\"Name\":\"Sodium Quantity Per 100g - Total - NIP\",\"Value\":\"4.4mg\",\"Description\":\"Sodium Quantity Per 100g - Total - NIP\",\"SortOrder\":623},{\"Id\":495,\"Name\":\"Sodium Quantity Per Serve - Total - NIP\",\"Value\":\"1.8mg\",\"Description\":\"Sodium Quantity Per Serve - Total - NIP\",\"SortOrder\":627},{\"Id\":907,\"Name\":\"Sugars Quantity Per 100g - Prefix - NIP\",\"Value\":null,\"Description\":\"Sugars Quantity Per 100g - Prefix - NIP\",\"SortOrder\":645},{\"Id\":908,\"Name\":\"Sugars Quantity Per 100g - SuffixUnits - NIP\",\"Value\":\"g\",\"Description\":\"Sugars Quantity Per 100g - SuffixUnits - NIP\",\"SortOrder\":646},{\"Id\":909,\"Name\":\"Sugars Quantity Per 100g - Total - NIP\",\"Value\":\"42.1g\",\"Description\":\"Sugars Quantity Per 100g - Total - NIP\",\"SortOrder\":647},{\"Id\":910,\"Name\":\"Sugars Quantity Per 100g - ValueWord - NIP\",\"Value\":\"42.1\",\"Description\":\"Sugars Quantity Per 100g - ValueWord - NIP\",\"SortOrder\":648},{\"Id\":504,\"Name\":\"Sugars Quantity Per Serve - Prefix - NIP\",\"Value\":null,\"Description\":\"Sugars Quantity Per Serve - Prefix - NIP\",\"SortOrder\":649},{\"Id\":911,\"Name\":\"Sugars Quantity Per Serve - SuffixUnits - NIP\",\"Value\":\"g\",\"Description\":\"Sugars Quantity Per Serve - SuffixUnits - NIP\",\"SortOrder\":650},{\"Id\":912,\"Name\":\"Sugars Quantity Per Serve - Total - NIP\",\"Value\":\"16.8g\",\"Description\":\"Sugars Quantity Per Serve - Total - NIP\",\"SortOrder\":651},{\"Id\":572,\"Name\":\"Sugars Quantity Per Serve - ValueWord - NIP\",\"Value\":\"16.8\",\"Description\":\"Sugars Quantity Per Serve - ValueWord - NIP\",\"SortOrder\":652},{\"Id\":593,\"Name\":\"Trans Quantity Per 100g - Total - NIP\",\"Value\":\"147.13mg\",\"Description\":\"Trans Quantity Per 100g - Total - NIP\",\"SortOrder\":667},{\"Id\":510,\"Name\":\"Trans Quantity Per Serve - Total - NIP\",\"Value\":\"58.85mg\",\"Description\":\"Trans Quantity Per Serve - Total - NIP\",\"SortOrder\":671}]}",
        "ovencook": "False",
        "vegetarian": "False",
        "hypo-allergenic": null,
        "timer": null,
        "dermatologistrecommended": null,
        "sapdepartmentno": "5",
        "allergencontains": "Hazelnuts",
        "waterresistant": null,
        "friendlydisclaimer": null,
        "recyclableinformation": null,
        "usageinstructions": null,
        "freezable": "False"
      },
      "DetailsImagePaths": [
        "https://cdn0.woolworths.media/content/wowproductimages/large/377711.jpg",
        "https://cdn0.woolworths.media/content/wowproductimages/large/377711_1.jpg",
        "https://cdn0.woolworths.media/content/wowproductimages/large/377711_2.jpg"
      ],
      "Variety": "Cooking Dark",
      "Rating": {
        "ReviewCount": 0,
        "RatingCount": 0,
        "RatingSum": 0,
        "OneStarCount": 0,
        "TwoStarCount": 0,
        "ThreeStarCount": 0,
        "FourStarCount": 0,
        "FiveStarCount": 0,
        "Average": 0,
        "OneStarPercentage": 0,
        "TwoStarPercentage": 0,
        "ThreeStarPercentage": 0,
        "FourStarPercentage": 0,
        "FiveStarPercentage": 0
      },
      "HasProductSubs": false,
      "IsSponsoredAd": false,
      "AdID": null,
      "AdIndex": null,
      "AdStatus": null,
      "IsMarketProduct": false,
      "IsGiftable": false,
      "Vendor": null,
      "Untraceable": false,
      "ThirdPartyProductInfo": null,
      "MarketFeatures": null,
      "MarketSpecifications": null,
      "SupplyLimitSource": "ProductLimit",
      "Tags": null,
      "IsPersonalisedByPurchaseHistory": false,
      "IsFromFacetedSearch": false,
      "NextAvailabilityDate": null,
      "NumberOfSubstitutes": 0,
      "IsPrimaryVariant": false,
      "VariantGroupId": 0,
      "HasVariants": false,
      "VariantTitle": null,
      "IsTobacco": false,
      "IsB2BExtendedRangeSapCategory": false
    }
  },
  {
    "timestamp": "2024-07-09T11:35:20.946Z",
    "status": "success",
    "productURL": "https://www.woolworths.com.au/shop/productdetails/128102/alter-eco-organic-chocolate-grass-fed-milk-with-rice-crunch",
    "product": {
      "TileID": 0,
      "Stockcode": 128102,
      "Barcode": "9345911000673",
      "GtinFormat": 13,
      "CupPrice": 0,
      "InstoreCupPrice": 0,
      "CupMeasure": "100G",
      "CupString": "$0.00 / 100G",
      "InstoreCupString": "$0.00 / 100G",
      "HasCupPrice": false,
      "InstoreHasCupPrice": false,
      "Price": 0,
      "InstorePrice": 0,
      "Name": "Alter Eco Organic Chocolate Grass Fed Milk With Rice Crunch",
      "DisplayName": "Alter Eco Organic Chocolate Grass Fed Milk With Rice Crunch 75g",
      "UrlFriendlyName": "alter-eco-organic-chocolate-grass-fed-milk-with-rice-crunch",
      "Description": " Alter Eco Organic Chocolate<br>Grass Fed Milk With... 75G",
      "SmallImageFile": "https://cdn0.woolworths.media/content/wowproductimages/small/128102.jpg",
      "MediumImageFile": "https://cdn0.woolworths.media/content/wowproductimages/medium/128102.jpg",
      "LargeImageFile": "https://cdn0.woolworths.media/content/wowproductimages/large/128102.jpg",
      "IsNew": false,
      "IsHalfPrice": false,
      "IsOnlineOnly": false,
      "IsOnSpecial": false,
      "InstoreIsOnSpecial": false,
      "IsEdrSpecial": false,
      "SavingsAmount": 0,
      "InstoreSavingsAmount": 0,
      "WasPrice": 0,
      "InstoreWasPrice": 0,
      "QuantityInTrolley": 0,
      "Unit": "Each",
      "MinimumQuantity": 1,
      "HasBeenBoughtBefore": false,
      "IsInTrolley": false,
      "Source": "ProductDetail",
      "SupplyLimit": 36,
      "ProductLimit": 36,
      "MaxSupplyLimitMessage": "36 item limit",
      "IsRanged": false,
      "IsInStock": false,
      "PackageSize": "75G",
      "IsPmDelivery": false,
      "IsForCollection": true,
      "IsForDelivery": true,
      "IsForExpress": true,
      "ProductRestrictionMessage": null,
      "ProductWarningMessage": null,
      "CentreTag": {
        "TagContent": null,
        "TagLink": null,
        "FallbackText": null,
        "TagType": "None",
        "MultibuyData": null,
        "MemberPriceData": null,
        "TagContentText": null,
        "DualImageTagContent": null,
        "PromotionType": "NOT_SET",
        "IsRegisteredRewardCardPromotion": false
      },
      "IsCentreTag": false,
      "ImageTag": {
        "TagContent": null,
        "TagLink": null,
        "FallbackText": null,
        "TagType": "None",
        "MultibuyData": null,
        "MemberPriceData": null,
        "TagContentText": null,
        "DualImageTagContent": null,
        "PromotionType": "NOT_SET",
        "IsRegisteredRewardCardPromotion": false
      },
      "HeaderTag": null,
      "HasHeaderTag": false,
      "UnitWeightInGrams": 90,
      "SupplyLimitMessage": "'Alter Eco Organic Chocolate Grass Fed Milk With Rice Crunch' has a supply limit of 36. The quantity in your cart has been reduced accordingly. To purchase a larger quantity, please contact us on 1800 000 610. Please note we do not supply trade orders.",
      "SmallFormatDescription": "Alter Eco Organic Chocolate Grass Fed Milk With Rice Crunch",
      "FullDescription": "Alter Eco Organic Chocolate Grass Fed Milk With Rice Crunch",
      "IsAvailable": false,
      "InstoreIsAvailable": false,
      "IsPurchasable": false,
      "InstoreIsPurchasable": false,
      "AgeRestricted": false,
      "DisplayQuantity": 1,
      "RichDescription": null,
      "HideWasSavedPrice": true,
      "SapCategories": {
        "SapDepartmentName": "GROCERIES",
        "SapCategoryName": "ETHNIC / GOURMET FOOD",
        "SapSubCategoryName": "EUROPEAN FOODS",
        "SapSegmentName": "CONFECTIONARY"
      },
      "Brand": "Alter Eco",
      "IsRestrictedByDeliveryMethod": false,
      "FooterTag": {
        "TagContent": null,
        "TagLink": null,
        "FallbackText": null,
        "TagType": "None",
        "MultibuyData": null,
        "MemberPriceData": null,
        "TagContentText": null,
        "DualImageTagContent": null,
        "PromotionType": "NOT_SET",
        "IsRegisteredRewardCardPromotion": false
      },
      "IsFooterEnabled": false,
      "Diagnostics": "0",
      "IsBundle": false,
      "IsInFamily": false,
      "ChildProducts": [],
      "UrlOverride": null,
      "AdditionalAttributes": {
        "boxedcontents": null,
        "addedvitaminsandminerals": "False",
        "sapdepartmentname": "GROCERIES",
        "spf": null,
        "haircolour": null,
        "lifestyleanddietarystatement": null,
        "sapcategoryname": "ETHNIC / GOURMET FOOD",
        "skintype": null,
        "importantinformation": null,
        "allergystatement": null,
        "productdepthmm": null,
        "skincondition": null,
        "ophthalmologistapproved": null,
        "healthstarrating": null,
        "hairtype": null,
        "fragrance-free": null,
        "sapsegmentname": "CONFECTIONARY",
        "suitablefor": null,
        "PiesProductDepartmentsjson": "[{\"Id\":\"1_717445A\",\"Description\":\"Snacks & Confectionery\"},{\"Id\":\"1_39FD49C\",\"Description\":\"Pantry\"},{\"Id\":\"1_F229FBE\",\"Description\":\"International Foods\"}]",
        "piessubcategorynamesjson": "[\"Chocolate Bars\",\"European\",\"European Foods\"]",
        "sapsegmentno": "3",
        "productwidthmm": null,
        "contains": null,
        "sapsubcategoryname": "EUROPEAN FOODS",
        "dermatologisttested": null,
        "wool_productpackaging": null,
        "dermatologicallyapproved": null,
        "specialsgroupid": null,
        "productimages": "128102.jpg",
        "productheightmm": null,
        "r&r_hidereviews": null,
        "microwavesafe": "False",
        "paba-free": null,
        "lifestyleclaim": null,
        "alcoholfree": null,
        "tgawarning": null,
        "activeconstituents": null,
        "microwaveable": "False",
        "soap-free": null,
        "countryoforigin": null,
        "isexcludedfromsubstitution": "False",
        "productimagecount": "1",
        "r&r_loggedinreviews": null,
        "anti-dandruff": null,
        "servingsize-total-nip": null,
        "tgahealthwarninglink": null,
        "allergenmaybepresent": null,
        "PiesProductDepartmentNodeId": "1_717445A",
        "parabenfree": "False",
        "vendorarticleid": null,
        "containsgluten": "False",
        "containsnuts": "False",
        "ingredients": null,
        "colour": null,
        "manufacturer": null,
        "sapcategoryno": "79",
        "storageinstructions": null,
        "tgawarnings": null,
        "piesdepartmentnamesjson": "[\"Snacks & Confectionery\",\"Pantry\",\"International Foods\"]",
        "brand": "alter eco",
        "oilfree": null,
        "fragrance": null,
        "antibacterial": "False",
        "non-comedogenic": null,
        "antiseptic": "False",
        "bpafree": "False",
        "vendorcostprice": null,
        "description": null,
        "sweatresistant": null,
        "sapsubcategoryno": "11",
        "antioxidant": "False",
        "claims": null,
        "phbalanced": null,
        "wool_dietaryclaim": null,
        "ophthalmologisttested": null,
        "sulfatefree": "False",
        "servingsperpack-total-nip": null,
        "piescategorynamesjson": "[\"Confectionery\",\"International Foods\",\"European, UK & Irish\"]",
        "nutritionalinformation": null,
        "ovencook": "False",
        "vegetarian": "False",
        "hypo-allergenic": null,
        "timer": null,
        "dermatologistrecommended": null,
        "sapdepartmentno": "5",
        "allergencontains": null,
        "waterresistant": null,
        "friendlydisclaimer": null,
        "recyclableinformation": null,
        "usageinstructions": null,
        "freezable": "False"
      },
      "DetailsImagePaths": [
        "https://cdn0.woolworths.media/content/wowproductimages/large/128102.jpg"
      ],
      "Variety": "Milk With Rice Crunch",
      "Rating": {
        "ReviewCount": 0,
        "RatingCount": 0,
        "RatingSum": 0,
        "OneStarCount": 0,
        "TwoStarCount": 0,
        "ThreeStarCount": 0,
        "FourStarCount": 0,
        "FiveStarCount": 0,
        "Average": 0,
        "OneStarPercentage": 0,
        "TwoStarPercentage": 0,
        "ThreeStarPercentage": 0,
        "FourStarPercentage": 0,
        "FiveStarPercentage": 0
      },
      "HasProductSubs": false,
      "IsSponsoredAd": false,
      "AdID": null,
      "AdIndex": null,
      "AdStatus": null,
      "IsMarketProduct": false,
      "IsGiftable": false,
      "Vendor": null,
      "Untraceable": false,
      "ThirdPartyProductInfo": null,
      "MarketFeatures": null,
      "MarketSpecifications": null,
      "SupplyLimitSource": "ProductLimit",
      "Tags": null,
      "IsPersonalisedByPurchaseHistory": false,
      "IsFromFacetedSearch": false,
      "NextAvailabilityDate": null,
      "NumberOfSubstitutes": 0,
      "IsPrimaryVariant": false,
      "VariantGroupId": 0,
      "HasVariants": false,
      "VariantTitle": null,
      "IsTobacco": false,
      "IsB2BExtendedRangeSapCategory": false
    }
  },
  {
    "timestamp": "2024-07-09T11:35:21.157Z",
    "status": "success",
    "productURL": "https://www.woolworths.com.au/shop/productdetails/160683/altimate-extra-thick-ice-cream-wafers",
    "product": {
      "TileID": 0,
      "Stockcode": 160683,
      "Barcode": "9319626000396",
      "GtinFormat": 13,
      "CupPrice": 4.38,
      "InstoreCupPrice": 4.38,
      "CupMeasure": "100G",
      "CupString": "$4.38 / 100G",
      "InstoreCupString": "$4.38 / 100G",
      "HasCupPrice": true,
      "InstoreHasCupPrice": true,
      "Price": 3.5,
      "InstorePrice": 3.5,
      "Name": "Altimate Extra Thick Ice Cream Wafers",
      "DisplayName": "Altimate Extra Thick Ice Cream Wafers 80g",
      "UrlFriendlyName": "altimate-extra-thick-ice-cream-wafers",
      "Description": " Altimate Extra Thick Ice<br>Cream Wafers 80G",
      "SmallImageFile": "https://cdn0.woolworths.media/content/wowproductimages/small/160683.jpg",
      "MediumImageFile": "https://cdn0.woolworths.media/content/wowproductimages/medium/160683.jpg",
      "LargeImageFile": "https://cdn0.woolworths.media/content/wowproductimages/large/160683.jpg",
      "IsNew": false,
      "IsHalfPrice": false,
      "IsOnlineOnly": false,
      "IsOnSpecial": false,
      "InstoreIsOnSpecial": false,
      "IsEdrSpecial": false,
      "SavingsAmount": 0,
      "InstoreSavingsAmount": 0,
      "WasPrice": 3.5,
      "InstoreWasPrice": 3.5,
      "QuantityInTrolley": 0,
      "Unit": "Each",
      "MinimumQuantity": 1,
      "HasBeenBoughtBefore": false,
      "IsInTrolley": false,
      "Source": "ProductDetail",
      "SupplyLimit": 10,
      "ProductLimit": 36,
      "MaxSupplyLimitMessage": "10 item(s) left",
      "IsRanged": true,
      "IsInStock": true,
      "PackageSize": "80G",
      "IsPmDelivery": false,
      "IsForCollection": true,
      "IsForDelivery": true,
      "IsForExpress": true,
      "ProductRestrictionMessage": null,
      "ProductWarningMessage": null,
      "CentreTag": {
        "TagContent": null,
        "TagLink": null,
        "FallbackText": null,
        "TagType": "None",
        "MultibuyData": null,
        "MemberPriceData": null,
        "TagContentText": null,
        "DualImageTagContent": null,
        "PromotionType": "NOT_SET",
        "IsRegisteredRewardCardPromotion": false
      },
      "IsCentreTag": false,
      "ImageTag": {
        "TagContent": null,
        "TagLink": null,
        "FallbackText": "",
        "TagType": "None",
        "MultibuyData": null,
        "MemberPriceData": null,
        "TagContentText": null,
        "DualImageTagContent": null,
        "PromotionType": "NOT_SET",
        "IsRegisteredRewardCardPromotion": false
      },
      "HeaderTag": null,
      "HasHeaderTag": false,
      "UnitWeightInGrams": 113,
      "SupplyLimitMessage": "'Altimate Extra Thick Ice Cream Wafers' has a supply limit of 10. The quantity in your cart has been reduced accordingly. To purchase a larger quantity, please contact us on 1800 000 610. Please note we do not supply trade orders.",
      "SmallFormatDescription": "Altimate Extra Thick Ice Cream Wafers",
      "FullDescription": "Altimate Extra Thick Ice Cream Wafers",
      "IsAvailable": true,
      "InstoreIsAvailable": true,
      "IsPurchasable": true,
      "InstoreIsPurchasable": true,
      "AgeRestricted": false,
      "DisplayQuantity": 1,
      "RichDescription": "Extra thick crispy wafers ready to be filled with your favourite ice cream",
      "HideWasSavedPrice": false,
      "SapCategories": {
        "SapDepartmentName": "GROCERIES",
        "SapCategoryName": "CANNED FRUIT / DESSERTS",
        "SapSubCategoryName": "CONES & TOPPINGS & WATERICES",
        "SapSegmentName": "CONES / WAFERS & CUPS"
      },
      "Brand": "Altimate",
      "IsRestrictedByDeliveryMethod": false,
      "FooterTag": {
        "TagContent": null,
        "TagLink": null,
        "FallbackText": null,
        "TagType": "None",
        "MultibuyData": null,
        "MemberPriceData": null,
        "TagContentText": null,
        "DualImageTagContent": null,
        "PromotionType": "NOT_SET",
        "IsRegisteredRewardCardPromotion": false
      },
      "IsFooterEnabled": false,
      "Diagnostics": "0",
      "IsBundle": false,
      "IsInFamily": false,
      "ChildProducts": [],
      "UrlOverride": null,
      "AdditionalAttributes": {
        "boxedcontents": null,
        "addedvitaminsandminerals": "False",
        "sapdepartmentname": "GROCERIES",
        "spf": null,
        "haircolour": null,
        "lifestyleanddietarystatement": "Vegetarian",
        "sapcategoryname": "CANNED FRUIT / DESSERTS",
        "skintype": null,
        "importantinformation": null,
        "allergystatement": "No Artificial Preservatives",
        "productdepthmm": null,
        "skincondition": null,
        "ophthalmologistapproved": null,
        "healthstarrating": null,
        "hairtype": null,
        "fragrance-free": null,
        "sapsegmentname": "CONES / WAFERS & CUPS",
        "suitablefor": null,
        "PiesProductDepartmentsjson": "[{\"Id\":\"1_39FD49C\",\"Description\":\"Pantry\"}]",
        "piessubcategorynamesjson": "[\"Ice Cream Cones, Syrups & Toppings\"]",
        "sapsegmentno": "1",
        "productwidthmm": null,
        "contains": null,
        "sapsubcategoryname": "CONES & TOPPINGS & WATERICES",
        "dermatologisttested": null,
        "wool_productpackaging": null,
        "dermatologicallyapproved": null,
        "specialsgroupid": null,
        "productimages": "160683.jpg,160683_1.jpg,160683_2.jpg",
        "productheightmm": null,
        "r&r_hidereviews": null,
        "microwavesafe": "False",
        "paba-free": null,
        "lifestyleclaim": null,
        "alcoholfree": null,
        "tgawarning": null,
        "activeconstituents": null,
        "microwaveable": "False",
        "soap-free": null,
        "countryoforigin": null,
        "isexcludedfromsubstitution": "False",
        "productimagecount": "3",
        "r&r_loggedinreviews": null,
        "anti-dandruff": null,
        "servingsize-total-nip": null,
        "tgahealthwarninglink": null,
        "allergenmaybepresent": null,
        "PiesProductDepartmentNodeId": "1_39FD49C",
        "parabenfree": "False",
        "vendorarticleid": null,
        "containsgluten": "False",
        "containsnuts": "False",
        "ingredients": "Wheat Flour, Wheaten Cornflour, Vegetable Oil (Coconut), Sugar, Vegetable Emulsifier (Soy Lecithin), Mineral Salt (500), Salt",
        "colour": null,
        "manufacturer": null,
        "sapcategoryno": "82",
        "storageinstructions": null,
        "tgawarnings": null,
        "piesdepartmentnamesjson": "[\"Pantry\"]",
        "brand": "altimate",
        "oilfree": null,
        "fragrance": null,
        "antibacterial": "False",
        "non-comedogenic": null,
        "antiseptic": "False",
        "bpafree": "False",
        "vendorcostprice": null,
        "description": "Extra thick crispy wafers ready to be filled with your favourite ice cream",
        "sweatresistant": null,
        "sapsubcategoryno": "61",
        "antioxidant": "False",
        "claims": null,
        "phbalanced": null,
        "wool_dietaryclaim": null,
        "ophthalmologisttested": null,
        "sulfatefree": "False",
        "servingsperpack-total-nip": null,
        "piescategorynamesjson": "[\"Desserts\"]",
        "nutritionalinformation": "{\"Name\":\"Nutritional Information\",\"Attributes\":[{\"Id\":702,\"Name\":\"Calcium Quantity Per 100g - Total - NIP\",\"Value\":\"26mg\",\"Description\":\"Calcium Quantity Per 100g - Total - NIP\",\"SortOrder\":71},{\"Id\":705,\"Name\":\"Carbohydrate Quantity Per 100g - Total - NIP\",\"Value\":\"78.10g\",\"Description\":\"Carbohydrate Quantity Per 100g - Total - NIP\",\"SortOrder\":83},{\"Id\":706,\"Name\":\"Carbohydrate Quantity Per Serve - Total - NIP\",\"Value\":\"1.60g\",\"Description\":\"Carbohydrate Quantity Per Serve - Total - NIP\",\"SortOrder\":87},{\"Id\":191,\"Name\":\"Dietary Fibre Quantity Per 100g - Total - NIP\",\"Value\":\"3.2g\",\"Description\":\"Dietary Fibre Quantity Per 100g - Total - NIP\",\"SortOrder\":175},{\"Id\":759,\"Name\":\"Energy kJ Quantity Per 100g - Total - NIP\",\"Value\":\"1720.00kJ\",\"Description\":\"Energy kJ Quantity Per 100g - Total - NIP\",\"SortOrder\":239},{\"Id\":760,\"Name\":\"Energy kJ Quantity Per Serve - Total - NIP\",\"Value\":\"34.00kJ\",\"Description\":\"Energy kJ Quantity Per Serve - Total - NIP\",\"SortOrder\":243},{\"Id\":253,\"Name\":\"Fat Saturated Quantity Per 100g - Total - NIP\",\"Value\":\"3.20g\",\"Description\":\"Fat Saturated Quantity Per 100g - Total - NIP\",\"SortOrder\":251},{\"Id\":258,\"Name\":\"Fat Saturated Quantity Per Serve - Total - NIP\",\"Value\":\"<0.10g\",\"Description\":\"Fat Saturated Quantity Per Serve - Total - NIP\",\"SortOrder\":255},{\"Id\":764,\"Name\":\"Fat Total Quantity Per 100g - Total - NIP\",\"Value\":\"5.90g\",\"Description\":\"Fat Total Quantity Per 100g - Total - NIP\",\"SortOrder\":263},{\"Id\":166,\"Name\":\"Fat Total Quantity Per 100g - ValueWord - NIP\",\"Value\":\"5.90\",\"Description\":\"Fat Total Quantity Per 100g - ValueWord - NIP\",\"SortOrder\":264},{\"Id\":264,\"Name\":\"Fat Total Quantity Per Serve - Total - NIP\",\"Value\":\"0.10g\",\"Description\":\"Fat Total Quantity Per Serve - Total - NIP\",\"SortOrder\":267},{\"Id\":402,\"Name\":\"Monounsaturated Quantity Per 100g - Total - NIP\",\"Value\":\"0.23g\",\"Description\":\"Monounsaturated Quantity Per 100g - Total - NIP\",\"SortOrder\":479},{\"Id\":434,\"Name\":\"Polyunsaturated Quantity Per 100g - Total - NIP\",\"Value\":\"0.9g\",\"Description\":\"Polyunsaturated Quantity Per 100g - Total - NIP\",\"SortOrder\":563},{\"Id\":443,\"Name\":\"Potassium Quantity Per 100g - Total - NIP\",\"Value\":\"137mg\",\"Description\":\"Potassium Quantity Per 100g - Total - NIP\",\"SortOrder\":575},{\"Id\":878,\"Name\":\"Protein Quantity Per 100g - Total - NIP\",\"Value\":\"8.70g\",\"Description\":\"Protein Quantity Per 100g - Total - NIP\",\"SortOrder\":587},{\"Id\":882,\"Name\":\"Protein Quantity Per Serve - Total - NIP\",\"Value\":\"0.20g\",\"Description\":\"Protein Quantity Per Serve - Total - NIP\",\"SortOrder\":591},{\"Id\":477,\"Name\":\"Serving Size - Total - NIP\",\"Value\":\"2.00g\",\"Description\":\"Serving Size - Total - NIP\",\"SortOrder\":607},{\"Id\":544,\"Name\":\"Servings Per Pack - Total - NIP\",\"Value\":\"40.00\",\"Description\":\"Servings Per Pack - Total - NIP\",\"SortOrder\":611},{\"Id\":491,\"Name\":\"Sodium Quantity Per 100g - Total - NIP\",\"Value\":\"455.00mg\",\"Description\":\"Sodium Quantity Per 100g - Total - NIP\",\"SortOrder\":623},{\"Id\":495,\"Name\":\"Sodium Quantity Per Serve - Total - NIP\",\"Value\":\"9.00mg\",\"Description\":\"Sodium Quantity Per Serve - Total - NIP\",\"SortOrder\":627},{\"Id\":907,\"Name\":\"Sugars Quantity Per 100g - Prefix - NIP\",\"Value\":\"Approx. \",\"Description\":\"Sugars Quantity Per 100g - Prefix - NIP\",\"SortOrder\":645},{\"Id\":908,\"Name\":\"Sugars Quantity Per 100g - SuffixUnits - NIP\",\"Value\":\"g\",\"Description\":\"Sugars Quantity Per 100g - SuffixUnits - NIP\",\"SortOrder\":646},{\"Id\":909,\"Name\":\"Sugars Quantity Per 100g - Total - NIP\",\"Value\":\"2.10g\",\"Description\":\"Sugars Quantity Per 100g - Total - NIP\",\"SortOrder\":647},{\"Id\":910,\"Name\":\"Sugars Quantity Per 100g - ValueWord - NIP\",\"Value\":\"2.10\",\"Description\":\"Sugars Quantity Per 100g - ValueWord - NIP\",\"SortOrder\":648},{\"Id\":504,\"Name\":\"Sugars Quantity Per Serve - Prefix - NIP\",\"Value\":\"<\",\"Description\":\"Sugars Quantity Per Serve - Prefix - NIP\",\"SortOrder\":649},{\"Id\":911,\"Name\":\"Sugars Quantity Per Serve - SuffixUnits - NIP\",\"Value\":\"g\",\"Description\":\"Sugars Quantity Per Serve - SuffixUnits - NIP\",\"SortOrder\":650},{\"Id\":912,\"Name\":\"Sugars Quantity Per Serve - Total - NIP\",\"Value\":\"<0.1g\",\"Description\":\"Sugars Quantity Per Serve - Total - NIP\",\"SortOrder\":651},{\"Id\":572,\"Name\":\"Sugars Quantity Per Serve - ValueWord - NIP\",\"Value\":\"0.1\",\"Description\":\"Sugars Quantity Per Serve - ValueWord - NIP\",\"SortOrder\":652},{\"Id\":593,\"Name\":\"Trans Quantity Per 100g - Total - NIP\",\"Value\":\"13.56mg\",\"Description\":\"Trans Quantity Per 100g - Total - NIP\",\"SortOrder\":667}]}",
        "ovencook": "False",
        "vegetarian": "False",
        "hypo-allergenic": null,
        "timer": null,
        "dermatologistrecommended": null,
        "sapdepartmentno": "5",
        "allergencontains": "Soy, Wheat",
        "waterresistant": null,
        "friendlydisclaimer": null,
        "recyclableinformation": null,
        "usageinstructions": null,
        "freezable": "False"
      },
      "DetailsImagePaths": [
        "https://cdn0.woolworths.media/content/wowproductimages/large/160683.jpg",
        "https://cdn0.woolworths.media/content/wowproductimages/large/160683_1.jpg",
        "https://cdn0.woolworths.media/content/wowproductimages/large/160683_2.jpg"
      ],
      "Variety": "Ice Cream Wafers",
      "Rating": {
        "ReviewCount": 0,
        "RatingCount": 0,
        "RatingSum": 0,
        "OneStarCount": 0,
        "TwoStarCount": 0,
        "ThreeStarCount": 0,
        "FourStarCount": 0,
        "FiveStarCount": 0,
        "Average": 0,
        "OneStarPercentage": 0,
        "TwoStarPercentage": 0,
        "ThreeStarPercentage": 0,
        "FourStarPercentage": 0,
        "FiveStarPercentage": 0
      },
      "HasProductSubs": false,
      "IsSponsoredAd": false,
      "AdID": null,
      "AdIndex": null,
      "AdStatus": null,
      "IsMarketProduct": false,
      "IsGiftable": false,
      "Vendor": null,
      "Untraceable": false,
      "ThirdPartyProductInfo": null,
      "MarketFeatures": null,
      "MarketSpecifications": null,
      "SupplyLimitSource": "StockQuantity",
      "Tags": null,
      "IsPersonalisedByPurchaseHistory": false,
      "IsFromFacetedSearch": false,
      "NextAvailabilityDate": "2024-07-11T00:00:00.0000000Z",
      "NumberOfSubstitutes": 0,
      "IsPrimaryVariant": false,
      "VariantGroupId": 0,
      "HasVariants": false,
      "VariantTitle": null,
      "IsTobacco": false,
      "IsB2BExtendedRangeSapCategory": false
    }
  },
  {
    "timestamp": "2024-07-09T11:35:21.501Z",
    "status": "success",
    "productURL": "https://www.woolworths.com.au/shop/productdetails/739719/altimate-funtime-traditional-wafer-cups",
    "product": {
      "TileID": 0,
      "Stockcode": 739719,
      "Barcode": "9319626000440",
      "GtinFormat": 13,
      "CupPrice": 5.07,
      "InstoreCupPrice": 5.07,
      "CupMeasure": "100G",
      "CupString": "$5.07 / 100G",
      "InstoreCupString": "$5.07 / 100G",
      "HasCupPrice": true,
      "InstoreHasCupPrice": true,
      "Price": 3.8,
      "InstorePrice": 3.8,
      "Name": "Altimate Funtime Traditional Wafer Cups",
      "DisplayName": "Altimate Funtime Traditional Wafer Cups 21 Pack",
      "UrlFriendlyName": "altimate-funtime-traditional-wafer-cups",
      "Description": " Altimate Funtime Traditional<br>Wafer Cups 21 Pack",
      "SmallImageFile": "https://cdn0.woolworths.media/content/wowproductimages/small/739719.jpg",
      "MediumImageFile": "https://cdn0.woolworths.media/content/wowproductimages/medium/739719.jpg",
      "LargeImageFile": "https://cdn0.woolworths.media/content/wowproductimages/large/739719.jpg",
      "IsNew": false,
      "IsHalfPrice": false,
      "IsOnlineOnly": false,
      "IsOnSpecial": false,
      "InstoreIsOnSpecial": false,
      "IsEdrSpecial": false,
      "SavingsAmount": 0,
      "InstoreSavingsAmount": 0,
      "WasPrice": 3.8,
      "InstoreWasPrice": 3.8,
      "QuantityInTrolley": 0,
      "Unit": "Each",
      "MinimumQuantity": 1,
      "HasBeenBoughtBefore": false,
      "IsInTrolley": false,
      "Source": "ProductDetail",
      "SupplyLimit": 14,
      "ProductLimit": 36,
      "MaxSupplyLimitMessage": "14 item(s) left",
      "IsRanged": true,
      "IsInStock": true,
      "PackageSize": "21 Pack",
      "IsPmDelivery": false,
      "IsForCollection": true,
      "IsForDelivery": true,
      "IsForExpress": true,
      "ProductRestrictionMessage": null,
      "ProductWarningMessage": null,
      "CentreTag": {
        "TagContent": null,
        "TagLink": null,
        "FallbackText": null,
        "TagType": "None",
        "MultibuyData": null,
        "MemberPriceData": null,
        "TagContentText": null,
        "DualImageTagContent": null,
        "PromotionType": "NOT_SET",
        "IsRegisteredRewardCardPromotion": false
      },
      "IsCentreTag": false,
      "ImageTag": {
        "TagContent": null,
        "TagLink": null,
        "FallbackText": "",
        "TagType": "None",
        "MultibuyData": null,
        "MemberPriceData": null,
        "TagContentText": null,
        "DualImageTagContent": null,
        "PromotionType": "NOT_SET",
        "IsRegisteredRewardCardPromotion": false
      },
      "HeaderTag": null,
      "HasHeaderTag": false,
      "UnitWeightInGrams": 142,
      "SupplyLimitMessage": "'Altimate Funtime Traditional Wafer Cups' has a supply limit of 14. The quantity in your cart has been reduced accordingly. To purchase a larger quantity, please contact us on 1800 000 610. Please note we do not supply trade orders.",
      "SmallFormatDescription": "Altimate Funtime Traditional Wafer Cups",
      "FullDescription": "Altimate Funtime Traditional Wafer Cups",
      "IsAvailable": true,
      "InstoreIsAvailable": true,
      "IsPurchasable": true,
      "InstoreIsPurchasable": true,
      "AgeRestricted": false,
      "DisplayQuantity": 1,
      "RichDescription": null,
      "HideWasSavedPrice": false,
      "SapCategories": {
        "SapDepartmentName": "GROCERIES",
        "SapCategoryName": "CANNED FRUIT / DESSERTS",
        "SapSubCategoryName": "CONES & TOPPINGS & WATERICES",
        "SapSegmentName": "CONES / WAFERS & CUPS"
      },
      "Brand": "Altimate",
      "IsRestrictedByDeliveryMethod": false,
      "FooterTag": {
        "TagContent": null,
        "TagLink": null,
        "FallbackText": null,
        "TagType": "None",
        "MultibuyData": null,
        "MemberPriceData": null,
        "TagContentText": null,
        "DualImageTagContent": null,
        "PromotionType": "NOT_SET",
        "IsRegisteredRewardCardPromotion": false
      },
      "IsFooterEnabled": false,
      "Diagnostics": "0",
      "IsBundle": false,
      "IsInFamily": false,
      "ChildProducts": [],
      "UrlOverride": null,
      "AdditionalAttributes": {
        "boxedcontents": null,
        "addedvitaminsandminerals": "False",
        "sapdepartmentname": "GROCERIES",
        "spf": null,
        "haircolour": null,
        "lifestyleanddietarystatement": "Vegetarian",
        "sapcategoryname": "CANNED FRUIT / DESSERTS",
        "skintype": null,
        "importantinformation": null,
        "allergystatement": "Fish Free",
        "productdepthmm": null,
        "skincondition": null,
        "ophthalmologistapproved": null,
        "healthstarrating": null,
        "hairtype": null,
        "fragrance-free": null,
        "sapsegmentname": "CONES / WAFERS & CUPS",
        "suitablefor": null,
        "PiesProductDepartmentsjson": "[{\"Id\":\"1_39FD49C\",\"Description\":\"Pantry\"}]",
        "piessubcategorynamesjson": "[\"Ice Cream Cones, Syrups & Toppings\"]",
        "sapsegmentno": "1",
        "productwidthmm": null,
        "contains": null,
        "sapsubcategoryname": "CONES & TOPPINGS & WATERICES",
        "dermatologisttested": null,
        "wool_productpackaging": null,
        "dermatologicallyapproved": null,
        "specialsgroupid": null,
        "productimages": "739719.jpg,739719_1.jpg,739719_3.jpg,739719_4.jpg",
        "productheightmm": null,
        "r&r_hidereviews": null,
        "microwavesafe": "False",
        "paba-free": null,
        "lifestyleclaim": null,
        "alcoholfree": null,
        "tgawarning": null,
        "activeconstituents": null,
        "microwaveable": "False",
        "soap-free": null,
        "countryoforigin": null,
        "isexcludedfromsubstitution": "False",
        "productimagecount": "4",
        "r&r_loggedinreviews": null,
        "anti-dandruff": null,
        "servingsize-total-nip": null,
        "tgahealthwarninglink": null,
        "allergenmaybepresent": null,
        "PiesProductDepartmentNodeId": "1_39FD49C",
        "parabenfree": "False",
        "vendorarticleid": null,
        "containsgluten": "False",
        "containsnuts": "False",
        "ingredients": "Wheat Flour, Wheaten Cornflour, Vegetable Oil (Coconut), Sugar, Vegetable Emulsifier (Soy Lecithin), Salt, Mineral Salt (500)",
        "colour": null,
        "manufacturer": null,
        "sapcategoryno": "82",
        "storageinstructions": null,
        "tgawarnings": null,
        "piesdepartmentnamesjson": "[\"Pantry\"]",
        "brand": "altimate",
        "oilfree": null,
        "fragrance": null,
        "antibacterial": "False",
        "non-comedogenic": null,
        "antiseptic": "False",
        "bpafree": "False",
        "vendorcostprice": null,
        "description": null,
        "sweatresistant": null,
        "sapsubcategoryno": "61",
        "antioxidant": "False",
        "claims": null,
        "phbalanced": null,
        "wool_dietaryclaim": null,
        "ophthalmologisttested": null,
        "sulfatefree": "False",
        "servingsperpack-total-nip": null,
        "piescategorynamesjson": "[\"Desserts\"]",
        "nutritionalinformation": "{\"Name\":\"Nutritional Information\",\"Attributes\":[{\"Id\":705,\"Name\":\"Carbohydrate Quantity Per 100g - Total - NIP\",\"Value\":\"Approx.75.7g\",\"Description\":\"Carbohydrate Quantity Per 100g - Total - NIP\",\"SortOrder\":83},{\"Id\":706,\"Name\":\"Carbohydrate Quantity Per Serve - Total - NIP\",\"Value\":\"Approx.2.7g\",\"Description\":\"Carbohydrate Quantity Per Serve - Total - NIP\",\"SortOrder\":87},{\"Id\":759,\"Name\":\"Energy kJ Quantity Per 100g - Total - NIP\",\"Value\":\"Approx.1670kJ\",\"Description\":\"Energy kJ Quantity Per 100g - Total - NIP\",\"SortOrder\":239},{\"Id\":760,\"Name\":\"Energy kJ Quantity Per Serve - Total - NIP\",\"Value\":\"Approx.60kJ\",\"Description\":\"Energy kJ Quantity Per Serve - Total - NIP\",\"SortOrder\":243},{\"Id\":253,\"Name\":\"Fat Saturated Quantity Per 100g - Total - NIP\",\"Value\":\"Approx.3g\",\"Description\":\"Fat Saturated Quantity Per 100g - Total - NIP\",\"SortOrder\":251},{\"Id\":258,\"Name\":\"Fat Saturated Quantity Per Serve - Total - NIP\",\"Value\":\"Approx.0.1g\",\"Description\":\"Fat Saturated Quantity Per Serve - Total - NIP\",\"SortOrder\":255},{\"Id\":764,\"Name\":\"Fat Total Quantity Per 100g - Total - NIP\",\"Value\":\"Approx.5.2g\",\"Description\":\"Fat Total Quantity Per 100g - Total - NIP\",\"SortOrder\":263},{\"Id\":166,\"Name\":\"Fat Total Quantity Per 100g - ValueWord - NIP\",\"Value\":\"5.2\",\"Description\":\"Fat Total Quantity Per 100g - ValueWord - NIP\",\"SortOrder\":264},{\"Id\":264,\"Name\":\"Fat Total Quantity Per Serve - Total - NIP\",\"Value\":\"Approx.0.2g\",\"Description\":\"Fat Total Quantity Per Serve - Total - NIP\",\"SortOrder\":267},{\"Id\":878,\"Name\":\"Protein Quantity Per 100g - Total - NIP\",\"Value\":\"Approx.9g\",\"Description\":\"Protein Quantity Per 100g - Total - NIP\",\"SortOrder\":587},{\"Id\":882,\"Name\":\"Protein Quantity Per Serve - Total - NIP\",\"Value\":\"Approx.0.3g\",\"Description\":\"Protein Quantity Per Serve - Total - NIP\",\"SortOrder\":591},{\"Id\":477,\"Name\":\"Serving Size - Total - NIP\",\"Value\":\"3.6g\",\"Description\":\"Serving Size - Total - NIP\",\"SortOrder\":607},{\"Id\":544,\"Name\":\"Servings Per Pack - Total - NIP\",\"Value\":\"21\",\"Description\":\"Servings Per Pack - Total - NIP\",\"SortOrder\":611},{\"Id\":491,\"Name\":\"Sodium Quantity Per 100g - Total - NIP\",\"Value\":\"Approx.283mg\",\"Description\":\"Sodium Quantity Per 100g - Total - NIP\",\"SortOrder\":623},{\"Id\":495,\"Name\":\"Sodium Quantity Per Serve - Total - NIP\",\"Value\":\"Approx.10mg\",\"Description\":\"Sodium Quantity Per Serve - Total - NIP\",\"SortOrder\":627},{\"Id\":907,\"Name\":\"Sugars Quantity Per 100g - Prefix - NIP\",\"Value\":\"Approx. \",\"Description\":\"Sugars Quantity Per 100g - Prefix - NIP\",\"SortOrder\":645},{\"Id\":908,\"Name\":\"Sugars Quantity Per 100g - SuffixUnits - NIP\",\"Value\":\"g\",\"Description\":\"Sugars Quantity Per 100g - SuffixUnits - NIP\",\"SortOrder\":646},{\"Id\":909,\"Name\":\"Sugars Quantity Per 100g - Total - NIP\",\"Value\":\"Approx.2.7g\",\"Description\":\"Sugars Quantity Per 100g - Total - NIP\",\"SortOrder\":647},{\"Id\":910,\"Name\":\"Sugars Quantity Per 100g - ValueWord - NIP\",\"Value\":\"2.7\",\"Description\":\"Sugars Quantity Per 100g - ValueWord - NIP\",\"SortOrder\":648},{\"Id\":504,\"Name\":\"Sugars Quantity Per Serve - Prefix - NIP\",\"Value\":\"Approx. \",\"Description\":\"Sugars Quantity Per Serve - Prefix - NIP\",\"SortOrder\":649},{\"Id\":911,\"Name\":\"Sugars Quantity Per Serve - SuffixUnits - NIP\",\"Value\":\"g\",\"Description\":\"Sugars Quantity Per Serve - SuffixUnits - NIP\",\"SortOrder\":650},{\"Id\":912,\"Name\":\"Sugars Quantity Per Serve - Total - NIP\",\"Value\":\"Approx.0.1g\",\"Description\":\"Sugars Quantity Per Serve - Total - NIP\",\"SortOrder\":651},{\"Id\":572,\"Name\":\"Sugars Quantity Per Serve - ValueWord - NIP\",\"Value\":\"0.1\",\"Description\":\"Sugars Quantity Per Serve - ValueWord - NIP\",\"SortOrder\":652}]}",
        "ovencook": "False",
        "vegetarian": "False",
        "hypo-allergenic": null,
        "timer": null,
        "dermatologistrecommended": null,
        "sapdepartmentno": "5",
        "allergencontains": "Soy, Wheat",
        "waterresistant": null,
        "friendlydisclaimer": null,
        "recyclableinformation": null,
        "usageinstructions": null,
        "freezable": "False"
      },
      "DetailsImagePaths": [
        "https://cdn0.woolworths.media/content/wowproductimages/large/739719.jpg",
        "https://cdn0.woolworths.media/content/wowproductimages/large/739719_1.jpg",
        "https://cdn0.woolworths.media/content/wowproductimages/large/739719_3.jpg",
        "https://cdn0.woolworths.media/content/wowproductimages/large/739719_4.jpg"
      ],
      "Variety": "Wafer Cups",
      "Rating": {
        "ReviewCount": 0,
        "RatingCount": 0,
        "RatingSum": 0,
        "OneStarCount": 0,
        "TwoStarCount": 0,
        "ThreeStarCount": 0,
        "FourStarCount": 0,
        "FiveStarCount": 0,
        "Average": 0,
        "OneStarPercentage": 0,
        "TwoStarPercentage": 0,
        "ThreeStarPercentage": 0,
        "FourStarPercentage": 0,
        "FiveStarPercentage": 0
      },
      "HasProductSubs": false,
      "IsSponsoredAd": false,
      "AdID": null,
      "AdIndex": null,
      "AdStatus": null,
      "IsMarketProduct": false,
      "IsGiftable": false,
      "Vendor": null,
      "Untraceable": false,
      "ThirdPartyProductInfo": null,
      "MarketFeatures": null,
      "MarketSpecifications": null,
      "SupplyLimitSource": "StockQuantity",
      "Tags": null,
      "IsPersonalisedByPurchaseHistory": false,
      "IsFromFacetedSearch": false,
      "NextAvailabilityDate": "2024-07-11T00:00:00.0000000Z",
      "NumberOfSubstitutes": 0,
      "IsPrimaryVariant": false,
      "VariantGroupId": 0,
      "HasVariants": false,
      "VariantTitle": null,
      "IsTobacco": false,
      "IsB2BExtendedRangeSapCategory": false
    }
  },
  {
    "timestamp": "2024-07-09T11:35:21.588Z",
    "status": "success",
    "productURL": "https://www.woolworths.com.au/shop/productdetails/892316/alula-advance-stage-3-toddler-baby-formula-1-year-",
    "product": {
      "TileID": 0,
      "Stockcode": 892316,
      "Barcode": "9347832001296",
      "GtinFormat": 13,
      "CupPrice": 3.75,
      "InstoreCupPrice": 3.75,
      "CupMeasure": "100G",
      "CupString": "$3.75 / 100G",
      "InstoreCupString": "$3.75 / 100G",
      "HasCupPrice": true,
      "InstoreHasCupPrice": true,
      "Price": 30,
      "InstorePrice": 30,
      "Name": "Alula Advance+ Stage 3 Toddler Baby Formula 1 Year +",
      "DisplayName": "Alula Advance+ Stage 3 Toddler Baby Formula 1 Year + 800g",
      "UrlFriendlyName": "alula-advance-stage-3-toddler-baby-formula-1-year-",
      "Description": " Alula Advance+ Stage 3<br>Toddler Baby... 800g",
      "SmallImageFile": "https://cdn0.woolworths.media/content/wowproductimages/small/892316.jpg",
      "MediumImageFile": "https://cdn0.woolworths.media/content/wowproductimages/medium/892316.jpg",
      "LargeImageFile": "https://cdn0.woolworths.media/content/wowproductimages/large/892316.jpg",
      "IsNew": true,
      "IsHalfPrice": false,
      "IsOnlineOnly": false,
      "IsOnSpecial": false,
      "InstoreIsOnSpecial": false,
      "IsEdrSpecial": false,
      "SavingsAmount": 0,
      "InstoreSavingsAmount": 0,
      "WasPrice": 30,
      "InstoreWasPrice": 30,
      "QuantityInTrolley": 0,
      "Unit": "Each",
      "MinimumQuantity": 1,
      "HasBeenBoughtBefore": false,
      "IsInTrolley": false,
      "Source": "ProductDetail",
      "SupplyLimit": 36,
      "ProductLimit": 36,
      "MaxSupplyLimitMessage": "36 item limit",
      "IsRanged": true,
      "IsInStock": false,
      "PackageSize": "800g",
      "IsPmDelivery": false,
      "IsForCollection": true,
      "IsForDelivery": true,
      "IsForExpress": true,
      "ProductRestrictionMessage": null,
      "ProductWarningMessage": null,
      "CentreTag": {
        "TagContent": null,
        "TagLink": null,
        "FallbackText": null,
        "TagType": "None",
        "MultibuyData": null,
        "MemberPriceData": null,
        "TagContentText": null,
        "DualImageTagContent": null,
        "PromotionType": "NOT_SET",
        "IsRegisteredRewardCardPromotion": false
      },
      "IsCentreTag": false,
      "ImageTag": {
        "TagContent": null,
        "TagLink": null,
        "FallbackText": null,
        "TagType": "None",
        "MultibuyData": null,
        "MemberPriceData": null,
        "TagContentText": null,
        "DualImageTagContent": null,
        "PromotionType": "NOT_SET",
        "IsRegisteredRewardCardPromotion": false
      },
      "HeaderTag": null,
      "HasHeaderTag": false,
      "UnitWeightInGrams": 800,
      "SupplyLimitMessage": "'Alula Advance+ Stage 3 Toddler Baby Formula 1 Year +' has a supply limit of 36. The quantity in your cart has been reduced accordingly. To purchase a larger quantity, please contact us on 1800 000 610. Please note we do not supply trade orders.",
      "SmallFormatDescription": "Alula Advance+ Stage 3 Toddler Baby Formula 1 Year +",
      "FullDescription": "Alula Advance+ Stage 3 Toddler Baby Formula 1 Year +",
      "IsAvailable": false,
      "InstoreIsAvailable": true,
      "IsPurchasable": false,
      "InstoreIsPurchasable": false,
      "AgeRestricted": false,
      "DisplayQuantity": 1,
      "RichDescription": "Backed by nutritional science.Alula Advance+ Stage 3 is our most advanced milk drink for your toddler to provide your child key nutrients for their immune system function which are important in the early years.•Good source of Omega 3 DHA•Good source of 8 nutrients for immune system function•Prebiotic GOS to FOS in 9:1 ratio•With Lutein•No added sugarIt has been carefully formulated as a supplementary milk drinkfor toddlers to enjoy in addition to a balanced diet when intakes of energy and nutrients may not be adequate.<br><br>Backed by nutritional science.<br><br>Alula Advance+ Stage 3 is our most advanced milk drink for your toddler to provide your child key nutrients for their immune system function which are important in the early years. <br><br>It has been carefully formulated as a supplementary milk drink <br>for toddlers to enjoy in addition to a balanced diet when intakes of energy and nutrients may not be adequate.<br><br>Alula Advance+ Stage 3 Premium Milk Drink contains<br>essential age appropriate vitamins & minerals to help support:<br><br><strong>Immune System Function</strong><br>Vitamins (A, B6, B12, C, D), Folate, Iron,<br>Zinc for immune system function.<br><br><strong>Growth & Development</strong><br>Vitamin D and Iodine for toddlers' growth and development<br><br><strong>Cognitive Development</strong><br>Iron to help support toddlers' cognitive development.<br><br><strong>Digestive Function</strong><br>With Calcium, which contributes to the function of digestive enzymes.<br>Digestive enzymes facilitate digestion.<br><br><em>As part of a varied & healthy diet and prepared as directed.</em>",
      "HideWasSavedPrice": true,
      "SapCategories": {
        "SapDepartmentName": "GROCERIES",
        "SapCategoryName": "BABY NEEDS",
        "SapSubCategoryName": "BABY FORMULA",
        "SapSegmentName": "STAGE 3"
      },
      "Brand": "Alula",
      "IsRestrictedByDeliveryMethod": false,
      "FooterTag": {
        "TagContent": null,
        "TagLink": null,
        "FallbackText": null,
        "TagType": "None",
        "MultibuyData": null,
        "MemberPriceData": null,
        "TagContentText": null,
        "DualImageTagContent": null,
        "PromotionType": "NOT_SET",
        "IsRegisteredRewardCardPromotion": false
      },
      "IsFooterEnabled": false,
      "Diagnostics": "0",
      "IsBundle": false,
      "IsInFamily": false,
      "ChildProducts": [],
      "UrlOverride": null,
      "AdditionalAttributes": {
        "boxedcontents": null,
        "addedvitaminsandminerals": "False",
        "sapdepartmentname": "GROCERIES",
        "spf": null,
        "haircolour": null,
        "lifestyleanddietarystatement": null,
        "sapcategoryname": "BABY NEEDS",
        "skintype": null,
        "importantinformation": null,
        "allergystatement": null,
        "productdepthmm": null,
        "skincondition": null,
        "ophthalmologistapproved": null,
        "healthstarrating": null,
        "hairtype": null,
        "fragrance-free": null,
        "sapsegmentname": "STAGE 3",
        "suitablefor": null,
        "PiesProductDepartmentsjson": "[{\"Id\":\"1_717A94B\",\"Description\":\"Baby\"}]",
        "piessubcategorynamesjson": "[\"Toddler\"]",
        "sapsegmentno": "3",
        "productwidthmm": null,
        "contains": null,
        "sapsubcategoryname": "BABY FORMULA",
        "dermatologisttested": null,
        "wool_productpackaging": null,
        "dermatologicallyapproved": null,
        "specialsgroupid": null,
        "productimages": "892316.jpg,892316_2.jpg,892316_3.jpg,892316_4.jpg,892316_7.jpg,892316_8.jpg,892316_9.jpg,892316_10.jpg",
        "productheightmm": null,
        "r&r_hidereviews": null,
        "microwavesafe": "False",
        "paba-free": null,
        "lifestyleclaim": null,
        "alcoholfree": null,
        "tgawarning": null,
        "activeconstituents": null,
        "microwaveable": "False",
        "soap-free": null,
        "countryoforigin": null,
        "isexcludedfromsubstitution": "True",
        "productimagecount": "8",
        "r&r_loggedinreviews": null,
        "anti-dandruff": null,
        "servingsize-total-nip": null,
        "tgahealthwarninglink": null,
        "allergenmaybepresent": null,
        "PiesProductDepartmentNodeId": "1_717A94B",
        "parabenfree": "False",
        "vendorarticleid": null,
        "containsgluten": "False",
        "containsnuts": "False",
        "ingredients": "Milk powder, galacto-oligosaccharides (GOS (contains milk)), long-chain polyunsaturated fatty acids from single-cell sources (docosahexaenoic acid DHA contain milk), fructooligosaccharides (FOS), emulsifier (soy lecithin), antioxidants (mixed tocopherols concentrate, ascorbyl palmitate), lutein.Minerals: Calcium, phosphorus, magnesium, iron, zinc, iodine.Vitamins: Vitamin C, vitamin E, niacin, folic acid, vitamin D, vitamin A, vitamin B6, vitamin B1, vitamin B12.",
        "colour": null,
        "manufacturer": null,
        "sapcategoryno": "64",
        "storageinstructions": "- Store can in a cool, dry place (e.g. pantry).- Avoid prolonged storage at excessive temperatures.",
        "tgawarnings": null,
        "piesdepartmentnamesjson": "[\"Baby\"]",
        "brand": "alula",
        "oilfree": null,
        "fragrance": null,
        "antibacterial": "False",
        "non-comedogenic": null,
        "antiseptic": "False",
        "bpafree": "False",
        "vendorcostprice": null,
        "description": "Backed by nutritional science.Alula Advance+ Stage 3 is our most advanced milk drink for your toddler to provide your child key nutrients for their immune system function which are important in the early years.•Good source of Omega 3 DHA•Good source of 8 nutrients for immune system function•Prebiotic GOS to FOS in 9:1 ratio•With Lutein•No added sugarIt has been carefully formulated as a supplementary milk drinkfor toddlers to enjoy in addition to a balanced diet when intakes of energy and nutrients may not be adequate.<br><br>Backed by nutritional science.<br><br>Alula Advance+ Stage 3 is our most advanced milk drink for your toddler to provide your child key nutrients for their immune system function which are important in the early years. <br><br>It has been carefully formulated as a supplementary milk drink <br>for toddlers to enjoy in addition to a balanced diet when intakes of energy and nutrients may not be adequate.<br><br>Alula Advance+ Stage 3 Premium Milk Drink contains<br>essential age appropriate vitamins & minerals to help support:<br><br><strong>Immune System Function</strong><br>Vitamins (A, B6, B12, C, D), Folate, Iron,<br>Zinc for immune system function.<br><br><strong>Growth & Development</strong><br>Vitamin D and Iodine for toddlers' growth and development<br><br><strong>Cognitive Development</strong><br>Iron to help support toddlers' cognitive development.<br><br><strong>Digestive Function</strong><br>With Calcium, which contributes to the function of digestive enzymes.<br>Digestive enzymes facilitate digestion.<br><br><em>As part of a varied & healthy diet and prepared as directed.</em>",
        "sweatresistant": null,
        "sapsubcategoryno": "482",
        "antioxidant": "False",
        "claims": null,
        "phbalanced": null,
        "wool_dietaryclaim": null,
        "ophthalmologisttested": null,
        "sulfatefree": "False",
        "servingsperpack-total-nip": null,
        "piescategorynamesjson": "[\"Baby Formula & Toddler Milk\"]",
        "nutritionalinformation": "{\"Name\":\"Nutritional Information\",\"Attributes\":[{\"Id\":702,\"Name\":\"Calcium Quantity Per 100g - Total - NIP\",\"Value\":\"109.00mg\",\"Description\":\"Calcium Quantity Per 100g - Total - NIP\",\"SortOrder\":71},{\"Id\":47,\"Name\":\"Calcium Quantity Per Serve - Total - NIP\",\"Value\":\"240.00mg\",\"Description\":\"Calcium Quantity Per Serve - Total - NIP\",\"SortOrder\":75},{\"Id\":705,\"Name\":\"Carbohydrate Quantity Per 100g - Total - NIP\",\"Value\":\"5.00g\",\"Description\":\"Carbohydrate Quantity Per 100g - Total - NIP\",\"SortOrder\":83},{\"Id\":706,\"Name\":\"Carbohydrate Quantity Per Serve - Total - NIP\",\"Value\":\"11.00g\",\"Description\":\"Carbohydrate Quantity Per Serve - Total - NIP\",\"SortOrder\":87},{\"Id\":191,\"Name\":\"Dietary Fibre Quantity Per 100g - Total - NIP\",\"Value\":\"0.66g\",\"Description\":\"Dietary Fibre Quantity Per 100g - Total - NIP\",\"SortOrder\":175},{\"Id\":120,\"Name\":\"Dietary Fibre Quantity Per Serve - Total - NIP\",\"Value\":\"1.50g\",\"Description\":\"Dietary Fibre Quantity Per Serve - Total - NIP\",\"SortOrder\":179},{\"Id\":759,\"Name\":\"Energy kJ Quantity Per 100g - Total - NIP\",\"Value\":\"271.00kJ\",\"Description\":\"Energy kJ Quantity Per 100g - Total - NIP\",\"SortOrder\":239},{\"Id\":760,\"Name\":\"Energy kJ Quantity Per Serve - Total - NIP\",\"Value\":\"596.00kJ\",\"Description\":\"Energy kJ Quantity Per Serve - Total - NIP\",\"SortOrder\":243},{\"Id\":253,\"Name\":\"Fat Saturated Quantity Per 100g - Total - NIP\",\"Value\":\"2.30g\",\"Description\":\"Fat Saturated Quantity Per 100g - Total - NIP\",\"SortOrder\":251},{\"Id\":258,\"Name\":\"Fat Saturated Quantity Per Serve - Total - NIP\",\"Value\":\"5.10g\",\"Description\":\"Fat Saturated Quantity Per Serve - Total - NIP\",\"SortOrder\":255},{\"Id\":764,\"Name\":\"Fat Total Quantity Per 100g - Total - NIP\",\"Value\":\"3.50g\",\"Description\":\"Fat Total Quantity Per 100g - Total - NIP\",\"SortOrder\":263},{\"Id\":166,\"Name\":\"Fat Total Quantity Per 100g - ValueWord - NIP\",\"Value\":\"3.50\",\"Description\":\"Fat Total Quantity Per 100g - ValueWord - NIP\",\"SortOrder\":264},{\"Id\":264,\"Name\":\"Fat Total Quantity Per Serve - Total - NIP\",\"Value\":\"7.70g\",\"Description\":\"Fat Total Quantity Per Serve - Total - NIP\",\"SortOrder\":267},{\"Id\":402,\"Name\":\"Monounsaturated Quantity Per 100g - Total - NIP\",\"Value\":\"0.73g\",\"Description\":\"Monounsaturated Quantity Per 100g - Total - NIP\",\"SortOrder\":479},{\"Id\":434,\"Name\":\"Polyunsaturated Quantity Per 100g - Total - NIP\",\"Value\":\"0.09g\",\"Description\":\"Polyunsaturated Quantity Per 100g - Total - NIP\",\"SortOrder\":563},{\"Id\":878,\"Name\":\"Protein Quantity Per 100g - Total - NIP\",\"Value\":\"2.90g\",\"Description\":\"Protein Quantity Per 100g - Total - NIP\",\"SortOrder\":587},{\"Id\":882,\"Name\":\"Protein Quantity Per Serve - Total - NIP\",\"Value\":\"6.40g\",\"Description\":\"Protein Quantity Per Serve - Total - NIP\",\"SortOrder\":591},{\"Id\":477,\"Name\":\"Serving Size - Total - NIP\",\"Value\":\"220.00ml\",\"Description\":\"Serving Size - Total - NIP\",\"SortOrder\":607},{\"Id\":544,\"Name\":\"Servings Per Pack - Total - NIP\",\"Value\":\"26.00\",\"Description\":\"Servings Per Pack - Total - NIP\",\"SortOrder\":611},{\"Id\":491,\"Name\":\"Sodium Quantity Per 100g - Total - NIP\",\"Value\":\"41.00mg\",\"Description\":\"Sodium Quantity Per 100g - Total - NIP\",\"SortOrder\":623},{\"Id\":495,\"Name\":\"Sodium Quantity Per Serve - Total - NIP\",\"Value\":\"90.00mg\",\"Description\":\"Sodium Quantity Per Serve - Total - NIP\",\"SortOrder\":627},{\"Id\":908,\"Name\":\"Sugars Quantity Per 100g - SuffixUnits - NIP\",\"Value\":\"g\",\"Description\":\"Sugars Quantity Per 100g - SuffixUnits - NIP\",\"SortOrder\":646},{\"Id\":909,\"Name\":\"Sugars Quantity Per 100g - Total - NIP\",\"Value\":\"5.00g\",\"Description\":\"Sugars Quantity Per 100g - Total - NIP\",\"SortOrder\":647},{\"Id\":910,\"Name\":\"Sugars Quantity Per 100g - ValueWord - NIP\",\"Value\":\"5.00\",\"Description\":\"Sugars Quantity Per 100g - ValueWord - NIP\",\"SortOrder\":648},{\"Id\":911,\"Name\":\"Sugars Quantity Per Serve - SuffixUnits - NIP\",\"Value\":\"g\",\"Description\":\"Sugars Quantity Per Serve - SuffixUnits - NIP\",\"SortOrder\":650},{\"Id\":912,\"Name\":\"Sugars Quantity Per Serve - Total - NIP\",\"Value\":\"11.00g\",\"Description\":\"Sugars Quantity Per Serve - Total - NIP\",\"SortOrder\":651},{\"Id\":572,\"Name\":\"Sugars Quantity Per Serve - ValueWord - NIP\",\"Value\":\"11.00\",\"Description\":\"Sugars Quantity Per Serve - ValueWord - NIP\",\"SortOrder\":652},{\"Id\":593,\"Name\":\"Trans Quantity Per 100g - Total - NIP\",\"Value\":\"0.16g\",\"Description\":\"Trans Quantity Per 100g - Total - NIP\",\"SortOrder\":667}]}",
        "ovencook": "False",
        "vegetarian": "False",
        "hypo-allergenic": null,
        "timer": null,
        "dermatologistrecommended": null,
        "sapdepartmentno": "5",
        "allergencontains": "Milk, Soy",
        "waterresistant": null,
        "friendlydisclaimer": null,
        "recyclableinformation": null,
        "usageinstructions": null,
        "freezable": "False"
      },
      "DetailsImagePaths": [
        "https://cdn0.woolworths.media/content/wowproductimages/large/892316.jpg",
        "https://cdn0.woolworths.media/content/wowproductimages/large/892316_2.jpg",
        "https://cdn0.woolworths.media/content/wowproductimages/large/892316_3.jpg",
        "https://cdn0.woolworths.media/content/wowproductimages/large/892316_4.jpg",
        "https://cdn0.woolworths.media/content/wowproductimages/large/892316_7.jpg",
        "https://cdn0.woolworths.media/content/wowproductimages/large/892316_8.jpg",
        "https://cdn0.woolworths.media/content/wowproductimages/large/892316_9.jpg",
        "https://cdn0.woolworths.media/content/wowproductimages/large/892316_10.jpg"
      ],
      "Variety": "Baby Formula 1 Year +",
      "Rating": {
        "ReviewCount": 0,
        "RatingCount": 0,
        "RatingSum": 0,
        "OneStarCount": 0,
        "TwoStarCount": 0,
        "ThreeStarCount": 0,
        "FourStarCount": 0,
        "FiveStarCount": 0,
        "Average": 0,
        "OneStarPercentage": 0,
        "TwoStarPercentage": 0,
        "ThreeStarPercentage": 0,
        "FourStarPercentage": 0,
        "FiveStarPercentage": 0
      },
      "HasProductSubs": false,
      "IsSponsoredAd": false,
      "AdID": null,
      "AdIndex": null,
      "AdStatus": null,
      "IsMarketProduct": false,
      "IsGiftable": false,
      "Vendor": null,
      "Untraceable": false,
      "ThirdPartyProductInfo": null,
      "MarketFeatures": null,
      "MarketSpecifications": null,
      "SupplyLimitSource": "ProductLimit",
      "Tags": null,
      "IsPersonalisedByPurchaseHistory": false,
      "IsFromFacetedSearch": false,
      "NextAvailabilityDate": "2024-07-13T00:00:00.0000000Z",
      "NumberOfSubstitutes": 0,
      "IsPrimaryVariant": false,
      "VariantGroupId": 0,
      "HasVariants": false,
      "VariantTitle": null,
      "IsTobacco": false,
      "IsB2BExtendedRangeSapCategory": false
    }
  },
  {
    "timestamp": "2024-07-09T11:35:21.888Z",
    "status": "success",
    "productURL": "https://www.woolworths.com.au/shop/productdetails/654787/alula-gold-delicateeze-0-12-months-infant-formula",
    "product": {
      "TileID": 0,
      "Stockcode": 654787,
      "Barcode": "9347832001197",
      "GtinFormat": 13,
      "CupPrice": 3.53,
      "InstoreCupPrice": 3.53,
      "CupMeasure": "100G",
      "CupString": "$3.53 / 100G",
      "InstoreCupString": "$3.53 / 100G",
      "HasCupPrice": true,
      "InstoreHasCupPrice": true,
      "Price": 30,
      "InstorePrice": 30,
      "Name": "Alula Gold Delicateeze 0-12 Months Infant Formula",
      "DisplayName": "Alula Gold Delicateeze 0-12 Months Infant Formula 850g",
      "UrlFriendlyName": "alula-gold-delicateeze-0-12-months-infant-formula",
      "Description": " Alula Gold Delicateeze 0-12<br>Months Infant... 850g",
      "SmallImageFile": "https://cdn0.woolworths.media/content/wowproductimages/small/654787.jpg",
      "MediumImageFile": "https://cdn0.woolworths.media/content/wowproductimages/medium/654787.jpg",
      "LargeImageFile": "https://cdn0.woolworths.media/content/wowproductimages/large/654787.jpg",
      "IsNew": false,
      "IsHalfPrice": false,
      "IsOnlineOnly": false,
      "IsOnSpecial": false,
      "InstoreIsOnSpecial": false,
      "IsEdrSpecial": false,
      "SavingsAmount": 0,
      "InstoreSavingsAmount": 0,
      "WasPrice": 30,
      "InstoreWasPrice": 30,
      "QuantityInTrolley": 0,
      "Unit": "Each",
      "MinimumQuantity": 1,
      "HasBeenBoughtBefore": false,
      "IsInTrolley": false,
      "Source": "ProductDetail",
      "SupplyLimit": 3,
      "ProductLimit": 36,
      "MaxSupplyLimitMessage": "3 item(s) left",
      "IsRanged": true,
      "IsInStock": true,
      "PackageSize": "850g",
      "IsPmDelivery": false,
      "IsForCollection": true,
      "IsForDelivery": true,
      "IsForExpress": true,
      "ProductRestrictionMessage": null,
      "ProductWarningMessage": null,
      "CentreTag": {
        "TagContent": null,
        "TagLink": null,
        "FallbackText": null,
        "TagType": "None",
        "MultibuyData": null,
        "MemberPriceData": null,
        "TagContentText": null,
        "DualImageTagContent": null,
        "PromotionType": "NOT_SET",
        "IsRegisteredRewardCardPromotion": false
      },
      "IsCentreTag": false,
      "ImageTag": {
        "TagContent": null,
        "TagLink": null,
        "FallbackText": "",
        "TagType": "None",
        "MultibuyData": null,
        "MemberPriceData": null,
        "TagContentText": null,
        "DualImageTagContent": null,
        "PromotionType": "NOT_SET",
        "IsRegisteredRewardCardPromotion": false
      },
      "HeaderTag": null,
      "HasHeaderTag": false,
      "UnitWeightInGrams": 1037,
      "SupplyLimitMessage": "'Alula Gold Delicateeze 0-12 Months Infant Formula' has a supply limit of 3. The quantity in your cart has been reduced accordingly. To purchase a larger quantity, please contact us on 1800 000 610. Please note we do not supply trade orders.",
      "SmallFormatDescription": "Alula Gold Delicateeze 0-12 Months Infant Formula",
      "FullDescription": "Alula Gold Delicateeze 0-12 Months Infant Formula",
      "IsAvailable": true,
      "InstoreIsAvailable": true,
      "IsPurchasable": true,
      "InstoreIsPurchasable": true,
      "AgeRestricted": false,
      "DisplayQuantity": 1,
      "RichDescription": "<p>S-26 is now Alula.New name.  Same formulation.Alula S-26 Gold DelicateEze is a unique formulation for delicate tummies to help ease constipation and colic.Not suitable for general use and should be used under medical supervision.<br/><br/>S-26 is now Alula.<br/>New name. Same formulation.<br/><br/>Alula S-26 Gold DelicateEze is a premium, nutritionally complete, specialty infant formula for babies from birth with delicate tummies who may experience digestive discomfort from time to time. It is formulated to aid digestive malabsorption with an enriched level of sn-2 palmitate to help ease constipation (soften stools) and a reduced* level of lactose to help ease colic.<br/><br/>It continues to support your baby through the time when solids are being introduced at around 6 months, as a well-balanced diet is important.<br/><br/>*compared to our standard infant formulas.<br/><br/>Not recommended for infants with cow's milk protein allergy or lactose intolerance.<br/><br/>As it is a specialty formula, consultation with a healthcare professional is recommended before use to ensure Alula S-26 Gold DelicateEze is suitable for your baby.<br/><br/>Not suitable for general use and should be used under medical supervision.</p>",
      "HideWasSavedPrice": false,
      "SapCategories": {
        "SapDepartmentName": "GROCERIES",
        "SapCategoryName": "BABY NEEDS",
        "SapSubCategoryName": "BABY FORMULA",
        "SapSegmentName": "SPECIALTY"
      },
      "Brand": "Alula",
      "IsRestrictedByDeliveryMethod": false,
      "FooterTag": {
        "TagContent": null,
        "TagLink": null,
        "FallbackText": null,
        "TagType": "None",
        "MultibuyData": null,
        "MemberPriceData": null,
        "TagContentText": null,
        "DualImageTagContent": null,
        "PromotionType": "NOT_SET",
        "IsRegisteredRewardCardPromotion": false
      },
      "IsFooterEnabled": false,
      "Diagnostics": "0",
      "IsBundle": false,
      "IsInFamily": false,
      "ChildProducts": [],
      "UrlOverride": null,
      "AdditionalAttributes": {
        "boxedcontents": null,
        "addedvitaminsandminerals": "False",
        "sapdepartmentname": "GROCERIES",
        "spf": null,
        "haircolour": null,
        "lifestyleanddietarystatement": null,
        "sapcategoryname": "BABY NEEDS",
        "skintype": null,
        "importantinformation": null,
        "allergystatement": null,
        "productdepthmm": null,
        "skincondition": null,
        "ophthalmologistapproved": null,
        "healthstarrating": null,
        "hairtype": null,
        "fragrance-free": null,
        "sapsegmentname": "SPECIALTY",
        "suitablefor": null,
        "PiesProductDepartmentsjson": "[{\"Id\":\"1_717A94B\",\"Description\":\"Baby\"}]",
        "piessubcategorynamesjson": "[\"Specialty\"]",
        "sapsegmentno": "4",
        "productwidthmm": null,
        "contains": null,
        "sapsubcategoryname": "BABY FORMULA",
        "dermatologisttested": null,
        "wool_productpackaging": null,
        "dermatologicallyapproved": null,
        "specialsgroupid": null,
        "productimages": "654787.jpg,654787_2.jpg,654787_3.jpg,654787_4.jpg,654787_7.jpg,654787_8.jpg,654787_9.jpg,654787_10.jpg",
        "productheightmm": null,
        "r&r_hidereviews": null,
        "microwavesafe": "False",
        "paba-free": null,
        "lifestyleclaim": null,
        "alcoholfree": null,
        "tgawarning": null,
        "activeconstituents": null,
        "microwaveable": "False",
        "soap-free": null,
        "countryoforigin": null,
        "isexcludedfromsubstitution": "True",
        "productimagecount": "8",
        "r&r_loggedinreviews": null,
        "anti-dandruff": null,
        "servingsize-total-nip": null,
        "tgahealthwarninglink": null,
        "allergenmaybepresent": null,
        "PiesProductDepartmentNodeId": "1_717A94B",
        "parabenfree": "False",
        "vendorarticleid": null,
        "containsgluten": "False",
        "containsnuts": "False",
        "ingredients": "Lactose, vegetable oils (including esterified and soybean), partially hydrolysed whey protein, maltodextrin, corn syrup solids, emulsifier (soy lecithin), long-chain polyunsaturated fatty acid from single-cell sources arachidonic acid (AA) and docosahexaenoic acid (DHA), L-histidine, L-tyrosine, taurine, nucleotides (cytidine-5'-monophosphate, disodium uridine-5'-monophosphate, adenosine-5'-monophosphate, disodium inosine-5'-monophosphate, disodium guanosine-5'- monophosphate), L-carnitine, antioxidants (mixed tocopherols concentrate, ascorbyl palmitate), lutein. Minerals: Calcium, chloride, potassium, phosphorus, sodium, magnesium, iron, zinc, copper, iodine, manganese, selenium. Vitamins: Vitamin C, choline, inositol, vitamin E, niacin, pantothenic acid, vitamin A, vitamin B2, vitamin B1, beta-carotene, vitamin B6, vitamin D, folic acid, vitamin K, biotin, vitamin B12.",
        "colour": null,
        "manufacturer": null,
        "sapcategoryno": "64",
        "storageinstructions": "- Store can in a cool, dry place (e.g. pantry).- Avoid prolonged storage at excessive temperatures.",
        "tgawarnings": null,
        "piesdepartmentnamesjson": "[\"Baby\"]",
        "brand": "alula",
        "oilfree": null,
        "fragrance": null,
        "antibacterial": "False",
        "non-comedogenic": null,
        "antiseptic": "False",
        "bpafree": "False",
        "vendorcostprice": null,
        "description": "<p>S-26 is now Alula.New name.  Same formulation.Alula S-26 Gold DelicateEze is a unique formulation for delicate tummies to help ease constipation and colic.Not suitable for general use and should be used under medical supervision.<br/><br/>S-26 is now Alula.<br/>New name. Same formulation.<br/><br/>Alula S-26 Gold DelicateEze is a premium, nutritionally complete, specialty infant formula for babies from birth with delicate tummies who may experience digestive discomfort from time to time. It is formulated to aid digestive malabsorption with an enriched level of sn-2 palmitate to help ease constipation (soften stools) and a reduced* level of lactose to help ease colic.<br/><br/>It continues to support your baby through the time when solids are being introduced at around 6 months, as a well-balanced diet is important.<br/><br/>*compared to our standard infant formulas.<br/><br/>Not recommended for infants with cow's milk protein allergy or lactose intolerance.<br/><br/>As it is a specialty formula, consultation with a healthcare professional is recommended before use to ensure Alula S-26 Gold DelicateEze is suitable for your baby.<br/><br/>Not suitable for general use and should be used under medical supervision.</p>",
        "sweatresistant": null,
        "sapsubcategoryno": "482",
        "antioxidant": "False",
        "claims": null,
        "phbalanced": null,
        "wool_dietaryclaim": null,
        "ophthalmologisttested": null,
        "sulfatefree": "False",
        "servingsperpack-total-nip": null,
        "piescategorynamesjson": "[\"Baby Formula & Toddler Milk\"]",
        "nutritionalinformation": "{\"Name\":\"Nutritional Information\",\"Attributes\":[{\"Id\":702,\"Name\":\"Calcium Quantity Per 100g - Total - NIP\",\"Value\":\"42.00mg\",\"Description\":\"Calcium Quantity Per 100g - Total - NIP\",\"SortOrder\":71},{\"Id\":47,\"Name\":\"Calcium Quantity Per Serve - Total - NIP\",\"Value\":\"42.00mg\",\"Description\":\"Calcium Quantity Per Serve - Total - NIP\",\"SortOrder\":75},{\"Id\":705,\"Name\":\"Carbohydrate Quantity Per 100g - Total - NIP\",\"Value\":\"7.10g\",\"Description\":\"Carbohydrate Quantity Per 100g - Total - NIP\",\"SortOrder\":83},{\"Id\":706,\"Name\":\"Carbohydrate Quantity Per Serve - Total - NIP\",\"Value\":\"7.10g\",\"Description\":\"Carbohydrate Quantity Per Serve - Total - NIP\",\"SortOrder\":87},{\"Id\":759,\"Name\":\"Energy kJ Quantity Per 100g - Total - NIP\",\"Value\":\"280.00kJ\",\"Description\":\"Energy kJ Quantity Per 100g - Total - NIP\",\"SortOrder\":239},{\"Id\":760,\"Name\":\"Energy kJ Quantity Per Serve - Total - NIP\",\"Value\":\"280.00kJ\",\"Description\":\"Energy kJ Quantity Per Serve - Total - NIP\",\"SortOrder\":243},{\"Id\":253,\"Name\":\"Fat Saturated Quantity Per 100g - Total - NIP\",\"Value\":\"0.00g\",\"Description\":\"Fat Saturated Quantity Per 100g - Total - NIP\",\"SortOrder\":251},{\"Id\":258,\"Name\":\"Fat Saturated Quantity Per Serve - Total - NIP\",\"Value\":\"0.00g\",\"Description\":\"Fat Saturated Quantity Per Serve - Total - NIP\",\"SortOrder\":255},{\"Id\":764,\"Name\":\"Fat Total Quantity Per 100g - Total - NIP\",\"Value\":\"3.60g\",\"Description\":\"Fat Total Quantity Per 100g - Total - NIP\",\"SortOrder\":263},{\"Id\":166,\"Name\":\"Fat Total Quantity Per 100g - ValueWord - NIP\",\"Value\":\"3.60\",\"Description\":\"Fat Total Quantity Per 100g - ValueWord - NIP\",\"SortOrder\":264},{\"Id\":264,\"Name\":\"Fat Total Quantity Per Serve - Total - NIP\",\"Value\":\"3.60g\",\"Description\":\"Fat Total Quantity Per Serve - Total - NIP\",\"SortOrder\":267},{\"Id\":443,\"Name\":\"Potassium Quantity Per 100g - Total - NIP\",\"Value\":\"65.00mg\",\"Description\":\"Potassium Quantity Per 100g - Total - NIP\",\"SortOrder\":575},{\"Id\":493,\"Name\":\"Potassium Quantity Per Serve - Total - NIP\",\"Value\":\"65.00mg\",\"Description\":\"Potassium Quantity Per Serve - Total - NIP\",\"SortOrder\":579},{\"Id\":878,\"Name\":\"Protein Quantity Per 100g - Total - NIP\",\"Value\":\"1.55g\",\"Description\":\"Protein Quantity Per 100g - Total - NIP\",\"SortOrder\":587},{\"Id\":882,\"Name\":\"Protein Quantity Per Serve - Total - NIP\",\"Value\":\"1.60g\",\"Description\":\"Protein Quantity Per Serve - Total - NIP\",\"SortOrder\":591},{\"Id\":477,\"Name\":\"Serving Size - Total - NIP\",\"Value\":\"100.00ml\",\"Description\":\"Serving Size - Total - NIP\",\"SortOrder\":607},{\"Id\":544,\"Name\":\"Servings Per Pack - Total - NIP\",\"Value\":\"66.00\",\"Description\":\"Servings Per Pack - Total - NIP\",\"SortOrder\":611},{\"Id\":491,\"Name\":\"Sodium Quantity Per 100g - Total - NIP\",\"Value\":\"16.00mg\",\"Description\":\"Sodium Quantity Per 100g - Total - NIP\",\"SortOrder\":623},{\"Id\":495,\"Name\":\"Sodium Quantity Per Serve - Total - NIP\",\"Value\":\"16.00mg\",\"Description\":\"Sodium Quantity Per Serve - Total - NIP\",\"SortOrder\":627},{\"Id\":908,\"Name\":\"Sugars Quantity Per 100g - SuffixUnits - NIP\",\"Value\":\"g\",\"Description\":\"Sugars Quantity Per 100g - SuffixUnits - NIP\",\"SortOrder\":646},{\"Id\":909,\"Name\":\"Sugars Quantity Per 100g - Total - NIP\",\"Value\":\"0.00g\",\"Description\":\"Sugars Quantity Per 100g - Total - NIP\",\"SortOrder\":647},{\"Id\":910,\"Name\":\"Sugars Quantity Per 100g - ValueWord - NIP\",\"Value\":\"0.00\",\"Description\":\"Sugars Quantity Per 100g - ValueWord - NIP\",\"SortOrder\":648},{\"Id\":911,\"Name\":\"Sugars Quantity Per Serve - SuffixUnits - NIP\",\"Value\":\"g\",\"Description\":\"Sugars Quantity Per Serve - SuffixUnits - NIP\",\"SortOrder\":650},{\"Id\":912,\"Name\":\"Sugars Quantity Per Serve - Total - NIP\",\"Value\":\"0.00g\",\"Description\":\"Sugars Quantity Per Serve - Total - NIP\",\"SortOrder\":651},{\"Id\":572,\"Name\":\"Sugars Quantity Per Serve - ValueWord - NIP\",\"Value\":\"0.00\",\"Description\":\"Sugars Quantity Per Serve - ValueWord - NIP\",\"SortOrder\":652},{\"Id\":540,\"Name\":\"Vitamin B2 Quantity Per 100g - Total - NIP\",\"Value\":\"110&#956;g\",\"Description\":\"Vitamin B2 Quantity Per 100g - Total - NIP\",\"SortOrder\":731}]}",
        "ovencook": "False",
        "vegetarian": "False",
        "hypo-allergenic": null,
        "timer": null,
        "dermatologistrecommended": null,
        "sapdepartmentno": "5",
        "allergencontains": "Milk, Soy",
        "waterresistant": null,
        "friendlydisclaimer": null,
        "recyclableinformation": null,
        "usageinstructions": null,
        "freezable": "False"
      },
      "DetailsImagePaths": [
        "https://cdn0.woolworths.media/content/wowproductimages/large/654787.jpg",
        "https://cdn0.woolworths.media/content/wowproductimages/large/654787_2.jpg",
        "https://cdn0.woolworths.media/content/wowproductimages/large/654787_3.jpg",
        "https://cdn0.woolworths.media/content/wowproductimages/large/654787_4.jpg",
        "https://cdn0.woolworths.media/content/wowproductimages/large/654787_7.jpg",
        "https://cdn0.woolworths.media/content/wowproductimages/large/654787_8.jpg",
        "https://cdn0.woolworths.media/content/wowproductimages/large/654787_9.jpg",
        "https://cdn0.woolworths.media/content/wowproductimages/large/654787_10.jpg"
      ],
      "Variety": "Months Infant Formula",
      "Rating": {
        "ReviewCount": 0,
        "RatingCount": 0,
        "RatingSum": 0,
        "OneStarCount": 0,
        "TwoStarCount": 0,
        "ThreeStarCount": 0,
        "FourStarCount": 0,
        "FiveStarCount": 0,
        "Average": 0,
        "OneStarPercentage": 0,
        "TwoStarPercentage": 0,
        "ThreeStarPercentage": 0,
        "FourStarPercentage": 0,
        "FiveStarPercentage": 0
      },
      "HasProductSubs": false,
      "IsSponsoredAd": false,
      "AdID": null,
      "AdIndex": null,
      "AdStatus": null,
      "IsMarketProduct": false,
      "IsGiftable": false,
      "Vendor": null,
      "Untraceable": false,
      "ThirdPartyProductInfo": null,
      "MarketFeatures": null,
      "MarketSpecifications": null,
      "SupplyLimitSource": "StockQuantity",
      "Tags": null,
      "IsPersonalisedByPurchaseHistory": false,
      "IsFromFacetedSearch": false,
      "NextAvailabilityDate": "2024-07-11T00:00:00.0000000Z",
      "NumberOfSubstitutes": 0,
      "IsPrimaryVariant": false,
      "VariantGroupId": 0,
      "HasVariants": false,
      "VariantTitle": null,
      "IsTobacco": false,
      "IsB2BExtendedRangeSapCategory": false
    }
  },
  {
    "timestamp": "2024-07-09T11:35:22.152Z",
    "status": "success",
    "productURL": "https://www.woolworths.com.au/shop/productdetails/230384/always-discreet-3-in-1-dryness-comfort-odour-control-long-pads",
    "product": {
      "TileID": 0,
      "Stockcode": 230384,
      "Barcode": "4987176117571",
      "GtinFormat": 13,
      "CupPrice": 0.85,
      "InstoreCupPrice": 0.85,
      "CupMeasure": "1EA",
      "CupString": "$0.85 / 1EA",
      "InstoreCupString": "$0.85 / 1EA",
      "HasCupPrice": true,
      "InstoreHasCupPrice": true,
      "Price": 17,
      "InstorePrice": 17,
      "Name": "Always Discreet 3 In 1 Dryness, Comfort, Odour Control Long Pads",
      "DisplayName": "Always Discreet 3 In 1 Dryness, Comfort, Odour Control Long Pads 20 Pack",
      "UrlFriendlyName": "always-discreet-3-in-1-dryness-comfort-odour-control-long-pads",
      "Description": " Always Discreet 3 In 1<br>Dryness,... 20 pack",
      "SmallImageFile": "https://cdn0.woolworths.media/content/wowproductimages/small/230384.jpg",
      "MediumImageFile": "https://cdn0.woolworths.media/content/wowproductimages/medium/230384.jpg",
      "LargeImageFile": "https://cdn0.woolworths.media/content/wowproductimages/large/230384.jpg",
      "IsNew": false,
      "IsHalfPrice": false,
      "IsOnlineOnly": false,
      "IsOnSpecial": false,
      "InstoreIsOnSpecial": false,
      "IsEdrSpecial": false,
      "SavingsAmount": 0,
      "InstoreSavingsAmount": 0,
      "WasPrice": 17,
      "InstoreWasPrice": 17,
      "QuantityInTrolley": 0,
      "Unit": "Each",
      "MinimumQuantity": 1,
      "HasBeenBoughtBefore": false,
      "IsInTrolley": false,
      "Source": "ProductDetail",
      "SupplyLimit": 3,
      "ProductLimit": 36,
      "MaxSupplyLimitMessage": "3 item(s) left",
      "IsRanged": true,
      "IsInStock": true,
      "PackageSize": "20 pack",
      "IsPmDelivery": false,
      "IsForCollection": true,
      "IsForDelivery": true,
      "IsForExpress": true,
      "ProductRestrictionMessage": null,
      "ProductWarningMessage": null,
      "CentreTag": {
        "TagContent": null,
        "TagLink": null,
        "FallbackText": null,
        "TagType": "None",
        "MultibuyData": null,
        "MemberPriceData": null,
        "TagContentText": null,
        "DualImageTagContent": null,
        "PromotionType": "NOT_SET",
        "IsRegisteredRewardCardPromotion": false
      },
      "IsCentreTag": false,
      "ImageTag": {
        "TagContent": null,
        "TagLink": null,
        "FallbackText": "",
        "TagType": "None",
        "MultibuyData": null,
        "MemberPriceData": null,
        "TagContentText": null,
        "DualImageTagContent": null,
        "PromotionType": "NOT_SET",
        "IsRegisteredRewardCardPromotion": false
      },
      "HeaderTag": null,
      "HasHeaderTag": false,
      "UnitWeightInGrams": 353,
      "SupplyLimitMessage": "'Always Discreet 3 In 1 Dryness, Comfort, Odour Control Long Pads' has a supply limit of 3. The quantity in your cart has been reduced accordingly. To purchase a larger quantity, please contact us on 1800 000 610. Please note we do not supply trade orders.",
      "SmallFormatDescription": "Always Discreet 3 In 1 Dryness, Comfort, Odour Control Long Pads",
      "FullDescription": "Always Discreet 3 In 1 Dryness, Comfort, Odour Control Long Pads",
      "IsAvailable": true,
      "InstoreIsAvailable": true,
      "IsPurchasable": true,
      "InstoreIsPurchasable": true,
      "AgeRestricted": false,
      "DisplayQuantity": 1,
      "RichDescription": null,
      "HideWasSavedPrice": false,
      "SapCategories": {
        "SapDepartmentName": "GROCERIES",
        "SapCategoryName": "TOILETRIES",
        "SapSubCategoryName": "PERIOD AND CONTINENCE CARE",
        "SapSegmentName": "CONTINENCE PADS"
      },
      "Brand": "Always Discreet",
      "IsRestrictedByDeliveryMethod": false,
      "FooterTag": {
        "TagContent": null,
        "TagLink": null,
        "FallbackText": null,
        "TagType": "None",
        "MultibuyData": null,
        "MemberPriceData": null,
        "TagContentText": null,
        "DualImageTagContent": null,
        "PromotionType": "NOT_SET",
        "IsRegisteredRewardCardPromotion": false
      },
      "IsFooterEnabled": false,
      "Diagnostics": "0",
      "IsBundle": false,
      "IsInFamily": false,
      "ChildProducts": [],
      "UrlOverride": null,
      "AdditionalAttributes": {
        "boxedcontents": null,
        "addedvitaminsandminerals": "False",
        "sapdepartmentname": "GROCERIES",
        "spf": null,
        "haircolour": null,
        "lifestyleanddietarystatement": null,
        "sapcategoryname": "TOILETRIES",
        "skintype": null,
        "importantinformation": null,
        "allergystatement": null,
        "productdepthmm": null,
        "skincondition": null,
        "ophthalmologistapproved": null,
        "healthstarrating": null,
        "hairtype": null,
        "fragrance-free": null,
        "sapsegmentname": "CONTINENCE PADS",
        "suitablefor": null,
        "PiesProductDepartmentsjson": "[{\"Id\":\"1_894D0A8\",\"Description\":\"Beauty & Personal Care\"}]",
        "piessubcategorynamesjson": "[\"Continence Pads\"]",
        "sapsegmentno": "7",
        "productwidthmm": null,
        "contains": null,
        "sapsubcategoryname": "PERIOD AND CONTINENCE CARE",
        "dermatologisttested": null,
        "wool_productpackaging": null,
        "dermatologicallyapproved": null,
        "specialsgroupid": null,
        "productimages": "230384.jpg,230384_1.jpg",
        "productheightmm": null,
        "r&r_hidereviews": null,
        "microwavesafe": "False",
        "paba-free": null,
        "lifestyleclaim": null,
        "alcoholfree": null,
        "tgawarning": null,
        "activeconstituents": null,
        "microwaveable": "False",
        "soap-free": null,
        "countryoforigin": null,
        "isexcludedfromsubstitution": "False",
        "productimagecount": "2",
        "r&r_loggedinreviews": null,
        "anti-dandruff": null,
        "servingsize-total-nip": null,
        "tgahealthwarninglink": null,
        "allergenmaybepresent": null,
        "PiesProductDepartmentNodeId": "1_894D0A8",
        "parabenfree": "False",
        "vendorarticleid": null,
        "containsgluten": "False",
        "containsnuts": "False",
        "ingredients": null,
        "colour": null,
        "manufacturer": null,
        "sapcategoryno": "85",
        "storageinstructions": null,
        "tgawarnings": null,
        "piesdepartmentnamesjson": "[\"Beauty & Personal Care\"]",
        "brand": "always discreet",
        "oilfree": null,
        "fragrance": null,
        "antibacterial": "False",
        "non-comedogenic": null,
        "antiseptic": "False",
        "bpafree": "False",
        "vendorcostprice": null,
        "description": null,
        "sweatresistant": null,
        "sapsubcategoryno": "463",
        "antioxidant": "False",
        "claims": null,
        "phbalanced": null,
        "wool_dietaryclaim": null,
        "ophthalmologisttested": null,
        "sulfatefree": "False",
        "servingsperpack-total-nip": null,
        "piescategorynamesjson": "[\"Period & Continence Care\"]",
        "nutritionalinformation": null,
        "ovencook": "False",
        "vegetarian": "False",
        "hypo-allergenic": null,
        "timer": null,
        "dermatologistrecommended": null,
        "sapdepartmentno": "5",
        "allergencontains": null,
        "waterresistant": null,
        "friendlydisclaimer": null,
        "recyclableinformation": null,
        "usageinstructions": null,
        "freezable": "False"
      },
      "DetailsImagePaths": [
        "https://cdn0.woolworths.media/content/wowproductimages/large/230384.jpg",
        "https://cdn0.woolworths.media/content/wowproductimages/large/230384_1.jpg"
      ],
      "Variety": "Control Long Pads",
      "Rating": {
        "ReviewCount": 0,
        "RatingCount": 0,
        "RatingSum": 0,
        "OneStarCount": 0,
        "TwoStarCount": 0,
        "ThreeStarCount": 0,
        "FourStarCount": 0,
        "FiveStarCount": 0,
        "Average": 0,
        "OneStarPercentage": 0,
        "TwoStarPercentage": 0,
        "ThreeStarPercentage": 0,
        "FourStarPercentage": 0,
        "FiveStarPercentage": 0
      },
      "HasProductSubs": false,
      "IsSponsoredAd": false,
      "AdID": null,
      "AdIndex": null,
      "AdStatus": null,
      "IsMarketProduct": false,
      "IsGiftable": false,
      "Vendor": null,
      "Untraceable": false,
      "ThirdPartyProductInfo": null,
      "MarketFeatures": null,
      "MarketSpecifications": null,
      "SupplyLimitSource": "StockQuantity",
      "Tags": null,
      "IsPersonalisedByPurchaseHistory": false,
      "IsFromFacetedSearch": false,
      "NextAvailabilityDate": "2024-07-11T00:00:00.0000000Z",
      "NumberOfSubstitutes": 0,
      "IsPrimaryVariant": false,
      "VariantGroupId": 0,
      "HasVariants": false,
      "VariantTitle": null,
      "IsTobacco": false,
      "IsB2BExtendedRangeSapCategory": false
    }
  },
  {
    "timestamp": "2024-07-09T11:35:22.416Z",
    "status": "success",
    "productURL": "https://www.woolworths.com.au/shop/productdetails/261309/always-fresh-capsicum-wood-roasted-piquillo-peppers",
    "product": {
      "TileID": 0,
      "Stockcode": 261309,
      "Barcode": "9300602359270",
      "GtinFormat": 13,
      "CupPrice": 12.63,
      "InstoreCupPrice": 12.63,
      "CupMeasure": "1KG",
      "CupString": "$12.63 / 1KG",
      "InstoreCupString": "$12.63 / 1KG",
      "HasCupPrice": true,
      "InstoreHasCupPrice": true,
      "Price": 3.6,
      "InstorePrice": 3.6,
      "Name": "Always Fresh Capsicum Wood Roasted Piquillo Peppers",
      "DisplayName": "Always Fresh Capsicum Wood Roasted Piquillo Peppers 285g",
      "UrlFriendlyName": "always-fresh-capsicum-wood-roasted-piquillo-peppers",
      "Description": " Always Fresh Capsicum Wood<br>Roasted Piquillo... 285G",
      "SmallImageFile": "https://cdn0.woolworths.media/content/wowproductimages/small/261309.jpg",
      "MediumImageFile": "https://cdn0.woolworths.media/content/wowproductimages/medium/261309.jpg",
      "LargeImageFile": "https://cdn0.woolworths.media/content/wowproductimages/large/261309.jpg",
      "IsNew": false,
      "IsHalfPrice": false,
      "IsOnlineOnly": false,
      "IsOnSpecial": false,
      "InstoreIsOnSpecial": false,
      "IsEdrSpecial": false,
      "SavingsAmount": 0,
      "InstoreSavingsAmount": 0,
      "WasPrice": 3.6,
      "InstoreWasPrice": 3.6,
      "QuantityInTrolley": 0,
      "Unit": "Each",
      "MinimumQuantity": 1,
      "HasBeenBoughtBefore": false,
      "IsInTrolley": false,
      "Source": "ProductDetail",
      "SupplyLimit": 7,
      "ProductLimit": 36,
      "MaxSupplyLimitMessage": "7 item(s) left",
      "IsRanged": true,
      "IsInStock": true,
      "PackageSize": "285G",
      "IsPmDelivery": false,
      "IsForCollection": true,
      "IsForDelivery": true,
      "IsForExpress": true,
      "ProductRestrictionMessage": null,
      "ProductWarningMessage": null,
      "CentreTag": {
        "TagContent": null,
        "TagLink": null,
        "FallbackText": null,
        "TagType": "None",
        "MultibuyData": null,
        "MemberPriceData": null,
        "TagContentText": null,
        "DualImageTagContent": null,
        "PromotionType": "NOT_SET",
        "IsRegisteredRewardCardPromotion": false
      },
      "IsCentreTag": false,
      "ImageTag": {
        "TagContent": null,
        "TagLink": null,
        "FallbackText": "",
        "TagType": "None",
        "MultibuyData": null,
        "MemberPriceData": null,
        "TagContentText": null,
        "DualImageTagContent": null,
        "PromotionType": "NOT_SET",
        "IsRegisteredRewardCardPromotion": false
      },
      "HeaderTag": null,
      "HasHeaderTag": false,
      "UnitWeightInGrams": 503,
      "SupplyLimitMessage": "'Always Fresh Capsicum Wood Roasted Piquillo Peppers' has a supply limit of 7. The quantity in your cart has been reduced accordingly. To purchase a larger quantity, please contact us on 1800 000 610. Please note we do not supply trade orders.",
      "SmallFormatDescription": "Always Fresh Capsicum Wood Roasted Piquillo Peppers",
      "FullDescription": "Always Fresh Capsicum Wood Roasted Piquillo Peppers",
      "IsAvailable": true,
      "InstoreIsAvailable": true,
      "IsPurchasable": true,
      "InstoreIsPurchasable": true,
      "AgeRestricted": false,
      "DisplayQuantity": 1,
      "RichDescription": "Petite wood roasted peppers preserved with garlic. Crafted in Trujillo, Peru.",
      "HideWasSavedPrice": false,
      "SapCategories": {
        "SapDepartmentName": "GROCERIES",
        "SapCategoryName": "CONDIMENTS",
        "SapSubCategoryName": "RELISHES & PICKLES",
        "SapSegmentName": "PICKLED VEGETABLES"
      },
      "Brand": "Always Fresh",
      "IsRestrictedByDeliveryMethod": false,
      "FooterTag": {
        "TagContent": null,
        "TagLink": null,
        "FallbackText": null,
        "TagType": "None",
        "MultibuyData": null,
        "MemberPriceData": null,
        "TagContentText": null,
        "DualImageTagContent": null,
        "PromotionType": "NOT_SET",
        "IsRegisteredRewardCardPromotion": false
      },
      "IsFooterEnabled": false,
      "Diagnostics": "0",
      "IsBundle": false,
      "IsInFamily": false,
      "ChildProducts": [],
      "UrlOverride": null,
      "AdditionalAttributes": {
        "boxedcontents": null,
        "addedvitaminsandminerals": "False",
        "sapdepartmentname": "GROCERIES",
        "spf": null,
        "haircolour": null,
        "lifestyleanddietarystatement": "Low Saturated Fat",
        "sapcategoryname": "CONDIMENTS",
        "skintype": null,
        "importantinformation": null,
        "allergystatement": "Wheat Free",
        "productdepthmm": null,
        "skincondition": null,
        "ophthalmologistapproved": null,
        "healthstarrating": null,
        "hairtype": null,
        "fragrance-free": null,
        "sapsegmentname": "PICKLED VEGETABLES",
        "suitablefor": "Vegan, Vegetarian",
        "PiesProductDepartmentsjson": "[{\"Id\":\"1_39FD49C\",\"Description\":\"Pantry\"}]",
        "piessubcategorynamesjson": "[\"Chutney & Relish\",\"Pickled Vegetables\"]",
        "sapsegmentno": "2",
        "productwidthmm": null,
        "contains": null,
        "sapsubcategoryname": "RELISHES & PICKLES",
        "dermatologisttested": null,
        "wool_productpackaging": null,
        "dermatologicallyapproved": null,
        "specialsgroupid": null,
        "productimages": "261309.jpg",
        "productheightmm": null,
        "r&r_hidereviews": null,
        "microwavesafe": "False",
        "paba-free": null,
        "lifestyleclaim": "Kosher, Vegan, Vegetarian",
        "alcoholfree": null,
        "tgawarning": null,
        "activeconstituents": null,
        "microwaveable": "False",
        "soap-free": null,
        "countryoforigin": null,
        "isexcludedfromsubstitution": "False",
        "productimagecount": "1",
        "r&r_loggedinreviews": null,
        "anti-dandruff": null,
        "servingsize-total-nip": null,
        "tgahealthwarninglink": null,
        "allergenmaybepresent": null,
        "PiesProductDepartmentNodeId": "1_39FD49C",
        "parabenfree": "False",
        "vendorarticleid": null,
        "containsgluten": "False",
        "containsnuts": "False",
        "ingredients": "Roasted Piquillo Peppers (70%), Water, Sugar, Garlic, Salt, Acidity Regulator (330), Firming Agent (509)",
        "colour": null,
        "manufacturer": null,
        "sapcategoryno": "81",
        "storageinstructions": "Refrigerate after opening. Consume within five days of opening.",
        "tgawarnings": null,
        "piesdepartmentnamesjson": "[\"Pantry\"]",
        "brand": "always fresh",
        "oilfree": null,
        "fragrance": null,
        "antibacterial": "False",
        "non-comedogenic": null,
        "antiseptic": "False",
        "bpafree": "False",
        "vendorcostprice": null,
        "description": "Petite wood roasted peppers preserved with garlic. Crafted in Trujillo, Peru.",
        "sweatresistant": null,
        "sapsubcategoryno": "162",
        "antioxidant": "False",
        "claims": null,
        "phbalanced": null,
        "wool_dietaryclaim": null,
        "ophthalmologisttested": null,
        "sulfatefree": "False",
        "servingsperpack-total-nip": null,
        "piescategorynamesjson": "[\"Condiments\"]",
        "nutritionalinformation": "{\"Name\":\"Nutritional Information\",\"Attributes\":[{\"Id\":702,\"Name\":\"Calcium Quantity Per 100g - Total - NIP\",\"Value\":\"23mg\",\"Description\":\"Calcium Quantity Per 100g - Total - NIP\",\"SortOrder\":71},{\"Id\":47,\"Name\":\"Calcium Quantity Per Serve - Total - NIP\",\"Value\":\"11.58mg\",\"Description\":\"Calcium Quantity Per Serve - Total - NIP\",\"SortOrder\":75},{\"Id\":705,\"Name\":\"Carbohydrate Quantity Per 100g - Total - NIP\",\"Value\":\"Approx.5.9g\",\"Description\":\"Carbohydrate Quantity Per 100g - Total - NIP\",\"SortOrder\":83},{\"Id\":706,\"Name\":\"Carbohydrate Quantity Per Serve - Total - NIP\",\"Value\":\"Approx.2.95g\",\"Description\":\"Carbohydrate Quantity Per Serve - Total - NIP\",\"SortOrder\":87},{\"Id\":714,\"Name\":\"Cholesterol Quantity Per 100g - Total - NIP\",\"Value\":\"1mg\",\"Description\":\"Cholesterol Quantity Per 100g - Total - NIP\",\"SortOrder\":111},{\"Id\":125,\"Name\":\"Cholesterol Quantity Per Serve - Total - NIP\",\"Value\":\"0.5mg\",\"Description\":\"Cholesterol Quantity Per Serve - Total - NIP\",\"SortOrder\":115},{\"Id\":191,\"Name\":\"Dietary Fibre Quantity Per 100g - Total - NIP\",\"Value\":\"2.4g\",\"Description\":\"Dietary Fibre Quantity Per 100g - Total - NIP\",\"SortOrder\":175},{\"Id\":120,\"Name\":\"Dietary Fibre Quantity Per Serve - Total - NIP\",\"Value\":\"1.21g\",\"Description\":\"Dietary Fibre Quantity Per Serve - Total - NIP\",\"SortOrder\":179},{\"Id\":759,\"Name\":\"Energy kJ Quantity Per 100g - Total - NIP\",\"Value\":\"Approx.149kJ\",\"Description\":\"Energy kJ Quantity Per 100g - Total - NIP\",\"SortOrder\":239},{\"Id\":760,\"Name\":\"Energy kJ Quantity Per Serve - Total - NIP\",\"Value\":\"Approx.75kJ\",\"Description\":\"Energy kJ Quantity Per Serve - Total - NIP\",\"SortOrder\":243},{\"Id\":253,\"Name\":\"Fat Saturated Quantity Per 100g - Total - NIP\",\"Value\":\"Approx.1g\",\"Description\":\"Fat Saturated Quantity Per 100g - Total - NIP\",\"SortOrder\":251},{\"Id\":258,\"Name\":\"Fat Saturated Quantity Per Serve - Total - NIP\",\"Value\":\"Approx.1g\",\"Description\":\"Fat Saturated Quantity Per Serve - Total - NIP\",\"SortOrder\":255},{\"Id\":764,\"Name\":\"Fat Total Quantity Per 100g - Total - NIP\",\"Value\":\"Approx.1g\",\"Description\":\"Fat Total Quantity Per 100g - Total - NIP\",\"SortOrder\":263},{\"Id\":166,\"Name\":\"Fat Total Quantity Per 100g - ValueWord - NIP\",\"Value\":\"1\",\"Description\":\"Fat Total Quantity Per 100g - ValueWord - NIP\",\"SortOrder\":264},{\"Id\":264,\"Name\":\"Fat Total Quantity Per Serve - Total - NIP\",\"Value\":\"Approx.1g\",\"Description\":\"Fat Total Quantity Per Serve - Total - NIP\",\"SortOrder\":267},{\"Id\":402,\"Name\":\"Monounsaturated Quantity Per 100g - Total - NIP\",\"Value\":\"4.12g\",\"Description\":\"Monounsaturated Quantity Per 100g - Total - NIP\",\"SortOrder\":479},{\"Id\":834,\"Name\":\"Monounsaturated Quantity Per Serve - Total - NIP\",\"Value\":\"2.07g\",\"Description\":\"Monounsaturated Quantity Per Serve - Total - NIP\",\"SortOrder\":483},{\"Id\":434,\"Name\":\"Polyunsaturated Quantity Per 100g - Total - NIP\",\"Value\":\"1.9g\",\"Description\":\"Polyunsaturated Quantity Per 100g - Total - NIP\",\"SortOrder\":563},{\"Id\":435,\"Name\":\"Polyunsaturated Quantity Per Serve - Total - NIP\",\"Value\":\"0.96g\",\"Description\":\"Polyunsaturated Quantity Per Serve - Total - NIP\",\"SortOrder\":567},{\"Id\":443,\"Name\":\"Potassium Quantity Per 100g - Total - NIP\",\"Value\":\"173mg\",\"Description\":\"Potassium Quantity Per 100g - Total - NIP\",\"SortOrder\":575},{\"Id\":493,\"Name\":\"Potassium Quantity Per Serve - Total - NIP\",\"Value\":\"87.08mg\",\"Description\":\"Potassium Quantity Per Serve - Total - NIP\",\"SortOrder\":579},{\"Id\":878,\"Name\":\"Protein Quantity Per 100g - Total - NIP\",\"Value\":\"Approx.1.2g\",\"Description\":\"Protein Quantity Per 100g - Total - NIP\",\"SortOrder\":587},{\"Id\":882,\"Name\":\"Protein Quantity Per Serve - Total - NIP\",\"Value\":\"Approx.0.6g\",\"Description\":\"Protein Quantity Per Serve - Total - NIP\",\"SortOrder\":591},{\"Id\":477,\"Name\":\"Serving Size - Total - NIP\",\"Value\":\"50g\",\"Description\":\"Serving Size - Total - NIP\",\"SortOrder\":607},{\"Id\":544,\"Name\":\"Servings Per Pack - Total - NIP\",\"Value\":\"4\",\"Description\":\"Servings Per Pack - Total - NIP\",\"SortOrder\":611},{\"Id\":491,\"Name\":\"Sodium Quantity Per 100g - Total - NIP\",\"Value\":\"Approx.255mg\",\"Description\":\"Sodium Quantity Per 100g - Total - NIP\",\"SortOrder\":623},{\"Id\":495,\"Name\":\"Sodium Quantity Per Serve - Total - NIP\",\"Value\":\"Approx.128mg\",\"Description\":\"Sodium Quantity Per Serve - Total - NIP\",\"SortOrder\":627},{\"Id\":907,\"Name\":\"Sugars Quantity Per 100g - Prefix - NIP\",\"Value\":\"Approx.\",\"Description\":\"Sugars Quantity Per 100g - Prefix - NIP\",\"SortOrder\":645},{\"Id\":908,\"Name\":\"Sugars Quantity Per 100g - SuffixUnits - NIP\",\"Value\":\"g\",\"Description\":\"Sugars Quantity Per 100g - SuffixUnits - NIP\",\"SortOrder\":646},{\"Id\":909,\"Name\":\"Sugars Quantity Per 100g - Total - NIP\",\"Value\":\"Approx.5.4g\",\"Description\":\"Sugars Quantity Per 100g - Total - NIP\",\"SortOrder\":647},{\"Id\":910,\"Name\":\"Sugars Quantity Per 100g - ValueWord - NIP\",\"Value\":\"5.4\",\"Description\":\"Sugars Quantity Per 100g - ValueWord - NIP\",\"SortOrder\":648},{\"Id\":504,\"Name\":\"Sugars Quantity Per Serve - Prefix - NIP\",\"Value\":\"Approx.\",\"Description\":\"Sugars Quantity Per Serve - Prefix - NIP\",\"SortOrder\":649},{\"Id\":911,\"Name\":\"Sugars Quantity Per Serve - SuffixUnits - NIP\",\"Value\":\"g\",\"Description\":\"Sugars Quantity Per Serve - SuffixUnits - NIP\",\"SortOrder\":650},{\"Id\":912,\"Name\":\"Sugars Quantity Per Serve - Total - NIP\",\"Value\":\"Approx.2.7g\",\"Description\":\"Sugars Quantity Per Serve - Total - NIP\",\"SortOrder\":651},{\"Id\":572,\"Name\":\"Sugars Quantity Per Serve - ValueWord - NIP\",\"Value\":\"2.7\",\"Description\":\"Sugars Quantity Per Serve - ValueWord - NIP\",\"SortOrder\":652},{\"Id\":593,\"Name\":\"Trans Quantity Per 100g - Total - NIP\",\"Value\":\"71.83mg\",\"Description\":\"Trans Quantity Per 100g - Total - NIP\",\"SortOrder\":667},{\"Id\":510,\"Name\":\"Trans Quantity Per Serve - Total - NIP\",\"Value\":\"36.16mg\",\"Description\":\"Trans Quantity Per Serve - Total - NIP\",\"SortOrder\":671}]}",
        "ovencook": "False",
        "vegetarian": "False",
        "hypo-allergenic": null,
        "timer": null,
        "dermatologistrecommended": null,
        "sapdepartmentno": "5",
        "allergencontains": null,
        "waterresistant": null,
        "friendlydisclaimer": null,
        "recyclableinformation": null,
        "usageinstructions": null,
        "freezable": "False"
      },
      "DetailsImagePaths": [
        "https://cdn0.woolworths.media/content/wowproductimages/large/261309.jpg"
      ],
      "Variety": "Wood Roasted Piquillo Peppers",
      "Rating": {
        "ReviewCount": 0,
        "RatingCount": 0,
        "RatingSum": 0,
        "OneStarCount": 0,
        "TwoStarCount": 0,
        "ThreeStarCount": 0,
        "FourStarCount": 0,
        "FiveStarCount": 0,
        "Average": 0,
        "OneStarPercentage": 0,
        "TwoStarPercentage": 0,
        "ThreeStarPercentage": 0,
        "FourStarPercentage": 0,
        "FiveStarPercentage": 0
      },
      "HasProductSubs": false,
      "IsSponsoredAd": false,
      "AdID": null,
      "AdIndex": null,
      "AdStatus": null,
      "IsMarketProduct": false,
      "IsGiftable": false,
      "Vendor": null,
      "Untraceable": false,
      "ThirdPartyProductInfo": null,
      "MarketFeatures": null,
      "MarketSpecifications": null,
      "SupplyLimitSource": "StockQuantity",
      "Tags": null,
      "IsPersonalisedByPurchaseHistory": false,
      "IsFromFacetedSearch": false,
      "NextAvailabilityDate": "2024-07-11T00:00:00.0000000Z",
      "NumberOfSubstitutes": 0,
      "IsPrimaryVariant": false,
      "VariantGroupId": 0,
      "HasVariants": false,
      "VariantTitle": null,
      "IsTobacco": false,
      "IsB2BExtendedRangeSapCategory": false
    }
  },
  {
    "timestamp": "2024-07-09T11:35:22.701Z",
    "status": "success",
    "productURL": "https://www.woolworths.com.au/shop/productdetails/260282/always-fresh-crackers-caramelised-onion",
    "product": {
      "TileID": 0,
      "Stockcode": 260282,
      "Barcode": "9300602363444",
      "GtinFormat": 13,
      "CupPrice": 4.5,
      "InstoreCupPrice": 4.5,
      "CupMeasure": "100G",
      "CupString": "$4.50 / 100G",
      "InstoreCupString": "$4.50 / 100G",
      "HasCupPrice": true,
      "InstoreHasCupPrice": true,
      "Price": 4.5,
      "InstorePrice": 4.5,
      "Name": "Always Fresh Crackers Caramelised Onion",
      "DisplayName": "Always Fresh Crackers Caramelised Onion 100g",
      "UrlFriendlyName": "always-fresh-crackers-caramelised-onion",
      "Description": " Always Fresh Crackers<br>Caramelised Onion  100g",
      "SmallImageFile": "https://cdn0.woolworths.media/content/wowproductimages/small/260282.jpg",
      "MediumImageFile": "https://cdn0.woolworths.media/content/wowproductimages/medium/260282.jpg",
      "LargeImageFile": "https://cdn0.woolworths.media/content/wowproductimages/large/260282.jpg",
      "IsNew": false,
      "IsHalfPrice": false,
      "IsOnlineOnly": false,
      "IsOnSpecial": false,
      "InstoreIsOnSpecial": false,
      "IsEdrSpecial": false,
      "SavingsAmount": 0,
      "InstoreSavingsAmount": 0,
      "WasPrice": 4.5,
      "InstoreWasPrice": 4.5,
      "QuantityInTrolley": 0,
      "Unit": "Each",
      "MinimumQuantity": 1,
      "HasBeenBoughtBefore": false,
      "IsInTrolley": false,
      "Source": "ProductDetail",
      "SupplyLimit": 5,
      "ProductLimit": 36,
      "MaxSupplyLimitMessage": "5 item(s) left",
      "IsRanged": true,
      "IsInStock": true,
      "PackageSize": "100g",
      "IsPmDelivery": false,
      "IsForCollection": true,
      "IsForDelivery": true,
      "IsForExpress": true,
      "ProductRestrictionMessage": null,
      "ProductWarningMessage": null,
      "CentreTag": {
        "TagContent": null,
        "TagLink": null,
        "FallbackText": null,
        "TagType": "None",
        "MultibuyData": null,
        "MemberPriceData": null,
        "TagContentText": null,
        "DualImageTagContent": null,
        "PromotionType": "NOT_SET",
        "IsRegisteredRewardCardPromotion": false
      },
      "IsCentreTag": false,
      "ImageTag": {
        "TagContent": null,
        "TagLink": null,
        "FallbackText": "",
        "TagType": "None",
        "MultibuyData": null,
        "MemberPriceData": null,
        "TagContentText": null,
        "DualImageTagContent": null,
        "PromotionType": "NOT_SET",
        "IsRegisteredRewardCardPromotion": false
      },
      "HeaderTag": null,
      "HasHeaderTag": false,
      "UnitWeightInGrams": 136,
      "SupplyLimitMessage": "'Always Fresh Crackers Caramelised Onion' has a supply limit of 5. The quantity in your cart has been reduced accordingly. To purchase a larger quantity, please contact us on 1800 000 610. Please note we do not supply trade orders.",
      "SmallFormatDescription": "Always Fresh Crackers Caramelised Onion ",
      "FullDescription": "Always Fresh Crackers Caramelised Onion ",
      "IsAvailable": true,
      "InstoreIsAvailable": true,
      "IsPurchasable": true,
      "InstoreIsPurchasable": true,
      "AgeRestricted": false,
      "DisplayQuantity": 1,
      "RichDescription": null,
      "HideWasSavedPrice": false,
      "SapCategories": {
        "SapDepartmentName": "GROCERIES",
        "SapCategoryName": "BISCUITS",
        "SapSubCategoryName": "BISCUITS - SAVOURY",
        "SapSegmentName": "ENTERTAINING"
      },
      "Brand": "Always Fresh",
      "IsRestrictedByDeliveryMethod": false,
      "FooterTag": {
        "TagContent": null,
        "TagLink": null,
        "FallbackText": null,
        "TagType": "None",
        "MultibuyData": null,
        "MemberPriceData": null,
        "TagContentText": null,
        "DualImageTagContent": null,
        "PromotionType": "NOT_SET",
        "IsRegisteredRewardCardPromotion": false
      },
      "IsFooterEnabled": false,
      "Diagnostics": "0",
      "IsBundle": false,
      "IsInFamily": false,
      "ChildProducts": [],
      "UrlOverride": null,
      "AdditionalAttributes": {
        "boxedcontents": null,
        "addedvitaminsandminerals": "False",
        "sapdepartmentname": "GROCERIES",
        "spf": null,
        "haircolour": null,
        "lifestyleanddietarystatement": null,
        "sapcategoryname": "BISCUITS",
        "skintype": null,
        "importantinformation": null,
        "allergystatement": null,
        "productdepthmm": null,
        "skincondition": null,
        "ophthalmologistapproved": null,
        "healthstarrating": null,
        "hairtype": null,
        "fragrance-free": null,
        "sapsegmentname": "ENTERTAINING",
        "suitablefor": null,
        "PiesProductDepartmentsjson": "[{\"Id\":\"1_717445A\",\"Description\":\"Snacks & Confectionery\"}]",
        "piessubcategorynamesjson": "[\"Biscuits & Cookies\",\"Crackers\"]",
        "sapsegmentno": "2",
        "productwidthmm": null,
        "contains": null,
        "sapsubcategoryname": "BISCUITS - SAVOURY",
        "dermatologisttested": null,
        "wool_productpackaging": null,
        "dermatologicallyapproved": null,
        "specialsgroupid": null,
        "productimages": "260282.jpg,260282_1.jpg,260282_2.jpg,260282_3.jpg,260282_4.jpg,260282_7.jpg",
        "productheightmm": null,
        "r&r_hidereviews": null,
        "microwavesafe": "False",
        "paba-free": null,
        "lifestyleclaim": null,
        "alcoholfree": null,
        "tgawarning": null,
        "activeconstituents": null,
        "microwaveable": "False",
        "soap-free": null,
        "countryoforigin": null,
        "isexcludedfromsubstitution": "False",
        "productimagecount": "6",
        "r&r_loggedinreviews": null,
        "anti-dandruff": null,
        "servingsize-total-nip": null,
        "tgahealthwarninglink": null,
        "allergenmaybepresent": null,
        "PiesProductDepartmentNodeId": "1_717445A",
        "parabenfree": "False",
        "vendorarticleid": null,
        "containsgluten": "False",
        "containsnuts": "False",
        "ingredients": null,
        "colour": null,
        "manufacturer": null,
        "sapcategoryno": "53",
        "storageinstructions": null,
        "tgawarnings": null,
        "piesdepartmentnamesjson": "[\"Snacks & Confectionery\"]",
        "brand": "always fresh",
        "oilfree": null,
        "fragrance": null,
        "antibacterial": "False",
        "non-comedogenic": null,
        "antiseptic": "False",
        "bpafree": "False",
        "vendorcostprice": null,
        "description": null,
        "sweatresistant": null,
        "sapsubcategoryno": "158",
        "antioxidant": "False",
        "claims": null,
        "phbalanced": null,
        "wool_dietaryclaim": null,
        "ophthalmologisttested": null,
        "sulfatefree": "False",
        "servingsperpack-total-nip": null,
        "piescategorynamesjson": "[\"Biscuits & Crackers\"]",
        "nutritionalinformation": null,
        "ovencook": "False",
        "vegetarian": "False",
        "hypo-allergenic": null,
        "timer": null,
        "dermatologistrecommended": null,
        "sapdepartmentno": "5",
        "allergencontains": null,
        "waterresistant": null,
        "friendlydisclaimer": null,
        "recyclableinformation": null,
        "usageinstructions": null,
        "freezable": "False"
      },
      "DetailsImagePaths": [
        "https://cdn0.woolworths.media/content/wowproductimages/large/260282.jpg",
        "https://cdn0.woolworths.media/content/wowproductimages/large/260282_1.jpg",
        "https://cdn0.woolworths.media/content/wowproductimages/large/260282_2.jpg",
        "https://cdn0.woolworths.media/content/wowproductimages/large/260282_3.jpg",
        "https://cdn0.woolworths.media/content/wowproductimages/large/260282_4.jpg",
        "https://cdn0.woolworths.media/content/wowproductimages/large/260282_7.jpg"
      ],
      "Variety": null,
      "Rating": {
        "ReviewCount": 0,
        "RatingCount": 0,
        "RatingSum": 0,
        "OneStarCount": 0,
        "TwoStarCount": 0,
        "ThreeStarCount": 0,
        "FourStarCount": 0,
        "FiveStarCount": 0,
        "Average": 0,
        "OneStarPercentage": 0,
        "TwoStarPercentage": 0,
        "ThreeStarPercentage": 0,
        "FourStarPercentage": 0,
        "FiveStarPercentage": 0
      },
      "HasProductSubs": false,
      "IsSponsoredAd": false,
      "AdID": null,
      "AdIndex": null,
      "AdStatus": null,
      "IsMarketProduct": false,
      "IsGiftable": false,
      "Vendor": null,
      "Untraceable": false,
      "ThirdPartyProductInfo": null,
      "MarketFeatures": null,
      "MarketSpecifications": null,
      "SupplyLimitSource": "StockQuantity",
      "Tags": null,
      "IsPersonalisedByPurchaseHistory": false,
      "IsFromFacetedSearch": false,
      "NextAvailabilityDate": "2024-07-11T00:00:00.0000000Z",
      "NumberOfSubstitutes": 0,
      "IsPrimaryVariant": false,
      "VariantGroupId": 0,
      "HasVariants": false,
      "VariantTitle": null,
      "IsTobacco": false,
      "IsB2BExtendedRangeSapCategory": false
    }
  },
  {
    "timestamp": "2024-07-09T11:35:22.893Z",
    "status": "success",
    "productURL": "https://www.woolworths.com.au/shop/productdetails/308287/always-fresh-crustini-rosemary-garlic",
    "product": {
      "TileID": 0,
      "Stockcode": 308287,
      "Barcode": "9300602346898",
      "GtinFormat": 13,
      "CupPrice": 0,
      "InstoreCupPrice": 0,
      "CupMeasure": "100G",
      "CupString": "$0.00 / 100G",
      "InstoreCupString": "$0.00 / 100G",
      "HasCupPrice": false,
      "InstoreHasCupPrice": false,
      "Price": 0,
      "InstorePrice": 0,
      "Name": "Always Fresh Crustini Rosemary & Garlic",
      "DisplayName": "Always Fresh Crustini Rosemary & Garlic 120g",
      "UrlFriendlyName": "always-fresh-crustini-rosemary-garlic",
      "Description": " Always Fresh Crustini<br>Rosemary & Garlic 120G",
      "SmallImageFile": "https://cdn0.woolworths.media/content/wowproductimages/small/308287.jpg",
      "MediumImageFile": "https://cdn0.woolworths.media/content/wowproductimages/medium/308287.jpg",
      "LargeImageFile": "https://cdn0.woolworths.media/content/wowproductimages/large/308287.jpg",
      "IsNew": false,
      "IsHalfPrice": false,
      "IsOnlineOnly": false,
      "IsOnSpecial": false,
      "InstoreIsOnSpecial": false,
      "IsEdrSpecial": false,
      "SavingsAmount": 0,
      "InstoreSavingsAmount": 0,
      "WasPrice": 0,
      "InstoreWasPrice": 0,
      "QuantityInTrolley": 0,
      "Unit": "Each",
      "MinimumQuantity": 1,
      "HasBeenBoughtBefore": false,
      "IsInTrolley": false,
      "Source": "ProductDetail",
      "SupplyLimit": 36,
      "ProductLimit": 36,
      "MaxSupplyLimitMessage": "36 item limit",
      "IsRanged": false,
      "IsInStock": false,
      "PackageSize": "120G",
      "IsPmDelivery": false,
      "IsForCollection": true,
      "IsForDelivery": true,
      "IsForExpress": true,
      "ProductRestrictionMessage": null,
      "ProductWarningMessage": null,
      "CentreTag": {
        "TagContent": null,
        "TagLink": null,
        "FallbackText": null,
        "TagType": "None",
        "MultibuyData": null,
        "MemberPriceData": null,
        "TagContentText": null,
        "DualImageTagContent": null,
        "PromotionType": "NOT_SET",
        "IsRegisteredRewardCardPromotion": false
      },
      "IsCentreTag": false,
      "ImageTag": {
        "TagContent": null,
        "TagLink": null,
        "FallbackText": null,
        "TagType": "None",
        "MultibuyData": null,
        "MemberPriceData": null,
        "TagContentText": null,
        "DualImageTagContent": null,
        "PromotionType": "NOT_SET",
        "IsRegisteredRewardCardPromotion": false
      },
      "HeaderTag": null,
      "HasHeaderTag": false,
      "UnitWeightInGrams": 162,
      "SupplyLimitMessage": "'Always Fresh Crustini Rosemary & Garlic' has a supply limit of 36. The quantity in your cart has been reduced accordingly. To purchase a larger quantity, please contact us on 1800 000 610. Please note we do not supply trade orders.",
      "SmallFormatDescription": "Always Fresh Crustini Rosemary & Garlic",
      "FullDescription": "Always Fresh Crustini Rosemary & Garlic",
      "IsAvailable": false,
      "InstoreIsAvailable": false,
      "IsPurchasable": false,
      "InstoreIsPurchasable": false,
      "AgeRestricted": false,
      "DisplayQuantity": 1,
      "RichDescription": "Always Fresh Crustini Rosemary & Garlic are Italian bruschetta toasts with extra virgin olive oil for a rich yet crisp texture. These moreish crustini toasts are generously seasoned with aromatic rosemary and garlic.",
      "HideWasSavedPrice": true,
      "SapCategories": {
        "SapDepartmentName": "GROCERIES",
        "SapCategoryName": "BISCUITS",
        "SapSubCategoryName": "BISCUITS - SAVOURY",
        "SapSegmentName": "ENTERTAINING"
      },
      "Brand": "Always Fresh",
      "IsRestrictedByDeliveryMethod": false,
      "FooterTag": {
        "TagContent": null,
        "TagLink": null,
        "FallbackText": null,
        "TagType": "None",
        "MultibuyData": null,
        "MemberPriceData": null,
        "TagContentText": null,
        "DualImageTagContent": null,
        "PromotionType": "NOT_SET",
        "IsRegisteredRewardCardPromotion": false
      },
      "IsFooterEnabled": false,
      "Diagnostics": "0",
      "IsBundle": false,
      "IsInFamily": false,
      "ChildProducts": [],
      "UrlOverride": null,
      "AdditionalAttributes": {
        "boxedcontents": null,
        "addedvitaminsandminerals": "False",
        "sapdepartmentname": "GROCERIES",
        "spf": null,
        "haircolour": null,
        "lifestyleanddietarystatement": "Vegan",
        "sapcategoryname": "BISCUITS",
        "skintype": null,
        "importantinformation": null,
        "allergystatement": "Soy Free",
        "productdepthmm": null,
        "skincondition": null,
        "ophthalmologistapproved": null,
        "healthstarrating": null,
        "hairtype": null,
        "fragrance-free": null,
        "sapsegmentname": "ENTERTAINING",
        "suitablefor": null,
        "PiesProductDepartmentsjson": "[{\"Id\":\"1_717445A\",\"Description\":\"Snacks & Confectionery\"}]",
        "piessubcategorynamesjson": "[\"Rice Cakes & Crispbread\",\"Crackers\",\"Biscuits & Cookies\"]",
        "sapsegmentno": "2",
        "productwidthmm": null,
        "contains": null,
        "sapsubcategoryname": "BISCUITS - SAVOURY",
        "dermatologisttested": null,
        "wool_productpackaging": null,
        "dermatologicallyapproved": null,
        "specialsgroupid": null,
        "productimages": "308287.jpg",
        "productheightmm": null,
        "r&r_hidereviews": null,
        "microwavesafe": "False",
        "paba-free": null,
        "lifestyleclaim": null,
        "alcoholfree": null,
        "tgawarning": null,
        "activeconstituents": null,
        "microwaveable": "False",
        "soap-free": null,
        "countryoforigin": null,
        "isexcludedfromsubstitution": "False",
        "productimagecount": "1",
        "r&r_loggedinreviews": null,
        "anti-dandruff": null,
        "servingsize-total-nip": null,
        "tgahealthwarninglink": null,
        "allergenmaybepresent": "Milk",
        "PiesProductDepartmentNodeId": "1_717445A",
        "parabenfree": "False",
        "vendorarticleid": null,
        "containsgluten": "False",
        "containsnuts": "False",
        "ingredients": "Wheat Flour, Durum Wheat Semolina, Olive Oil, Extra Virgin Olive Oil (6%), Sea Salt, Yeast, Rosemary (2%), Malt Extract, Sugar, Garlic (0.5%), Parsley.",
        "colour": null,
        "manufacturer": null,
        "sapcategoryno": "53",
        "storageinstructions": "After opening transfer contents to a clean, dry, airtight container and store away from direct sunlight.",
        "tgawarnings": null,
        "piesdepartmentnamesjson": "[\"Snacks & Confectionery\"]",
        "brand": "always fresh",
        "oilfree": null,
        "fragrance": null,
        "antibacterial": "False",
        "non-comedogenic": null,
        "antiseptic": "False",
        "bpafree": "False",
        "vendorcostprice": null,
        "description": "Always Fresh Crustini Rosemary & Garlic are Italian bruschetta toasts with extra virgin olive oil for a rich yet crisp texture. These moreish crustini toasts are generously seasoned with aromatic rosemary and garlic.",
        "sweatresistant": null,
        "sapsubcategoryno": "158",
        "antioxidant": "False",
        "claims": null,
        "phbalanced": null,
        "wool_dietaryclaim": null,
        "ophthalmologisttested": null,
        "sulfatefree": "False",
        "servingsperpack-total-nip": null,
        "piescategorynamesjson": "[\"Biscuits & Crackers\"]",
        "nutritionalinformation": "{\"Name\":\"Nutritional Information\",\"Attributes\":[{\"Id\":702,\"Name\":\"Calcium Quantity Per 100g - Total - NIP\",\"Value\":\"56mg\",\"Description\":\"Calcium Quantity Per 100g - Total - NIP\",\"SortOrder\":71},{\"Id\":47,\"Name\":\"Calcium Quantity Per Serve - Total - NIP\",\"Value\":\"5.59mg\",\"Description\":\"Calcium Quantity Per Serve - Total - NIP\",\"SortOrder\":75},{\"Id\":705,\"Name\":\"Carbohydrate Quantity Per 100g - Total - NIP\",\"Value\":\"65.0g\",\"Description\":\"Carbohydrate Quantity Per 100g - Total - NIP\",\"SortOrder\":83},{\"Id\":706,\"Name\":\"Carbohydrate Quantity Per Serve - Total - NIP\",\"Value\":\"6.5g\",\"Description\":\"Carbohydrate Quantity Per Serve - Total - NIP\",\"SortOrder\":87},{\"Id\":714,\"Name\":\"Cholesterol Quantity Per 100g - Total - NIP\",\"Value\":\"8mg\",\"Description\":\"Cholesterol Quantity Per 100g - Total - NIP\",\"SortOrder\":111},{\"Id\":125,\"Name\":\"Cholesterol Quantity Per Serve - Total - NIP\",\"Value\":\"0.8mg\",\"Description\":\"Cholesterol Quantity Per Serve - Total - NIP\",\"SortOrder\":115},{\"Id\":191,\"Name\":\"Dietary Fibre Quantity Per 100g - Total - NIP\",\"Value\":\"2.2g\",\"Description\":\"Dietary Fibre Quantity Per 100g - Total - NIP\",\"SortOrder\":175},{\"Id\":120,\"Name\":\"Dietary Fibre Quantity Per Serve - Total - NIP\",\"Value\":\"0.22g\",\"Description\":\"Dietary Fibre Quantity Per Serve - Total - NIP\",\"SortOrder\":179},{\"Id\":759,\"Name\":\"Energy kJ Quantity Per 100g - Total - NIP\",\"Value\":\"1894kJ\",\"Description\":\"Energy kJ Quantity Per 100g - Total - NIP\",\"SortOrder\":239},{\"Id\":760,\"Name\":\"Energy kJ Quantity Per Serve - Total - NIP\",\"Value\":\"189kJ\",\"Description\":\"Energy kJ Quantity Per Serve - Total - NIP\",\"SortOrder\":243},{\"Id\":253,\"Name\":\"Fat Saturated Quantity Per 100g - Total - NIP\",\"Value\":\"2.5g\",\"Description\":\"Fat Saturated Quantity Per 100g - Total - NIP\",\"SortOrder\":251},{\"Id\":258,\"Name\":\"Fat Saturated Quantity Per Serve - Total - NIP\",\"Value\":\"0.3g\",\"Description\":\"Fat Saturated Quantity Per Serve - Total - NIP\",\"SortOrder\":255},{\"Id\":764,\"Name\":\"Fat Total Quantity Per 100g - Total - NIP\",\"Value\":\"15.5g\",\"Description\":\"Fat Total Quantity Per 100g - Total - NIP\",\"SortOrder\":263},{\"Id\":166,\"Name\":\"Fat Total Quantity Per 100g - ValueWord - NIP\",\"Value\":\"15.5\",\"Description\":\"Fat Total Quantity Per 100g - ValueWord - NIP\",\"SortOrder\":264},{\"Id\":264,\"Name\":\"Fat Total Quantity Per Serve - Total - NIP\",\"Value\":\"1.6g\",\"Description\":\"Fat Total Quantity Per Serve - Total - NIP\",\"SortOrder\":267},{\"Id\":402,\"Name\":\"Monounsaturated Quantity Per 100g - Total - NIP\",\"Value\":\"9.64g\",\"Description\":\"Monounsaturated Quantity Per 100g - Total - NIP\",\"SortOrder\":479},{\"Id\":834,\"Name\":\"Monounsaturated Quantity Per Serve - Total - NIP\",\"Value\":\"0.96g\",\"Description\":\"Monounsaturated Quantity Per Serve - Total - NIP\",\"SortOrder\":483},{\"Id\":434,\"Name\":\"Polyunsaturated Quantity Per 100g - Total - NIP\",\"Value\":\"3.02g\",\"Description\":\"Polyunsaturated Quantity Per 100g - Total - NIP\",\"SortOrder\":563},{\"Id\":435,\"Name\":\"Polyunsaturated Quantity Per Serve - Total - NIP\",\"Value\":\"0.3g\",\"Description\":\"Polyunsaturated Quantity Per Serve - Total - NIP\",\"SortOrder\":567},{\"Id\":443,\"Name\":\"Potassium Quantity Per 100g - Total - NIP\",\"Value\":\"195mg\",\"Description\":\"Potassium Quantity Per 100g - Total - NIP\",\"SortOrder\":575},{\"Id\":493,\"Name\":\"Potassium Quantity Per Serve - Total - NIP\",\"Value\":\"19.46mg\",\"Description\":\"Potassium Quantity Per Serve - Total - NIP\",\"SortOrder\":579},{\"Id\":878,\"Name\":\"Protein Quantity Per 100g - Total - NIP\",\"Value\":\"11.0g\",\"Description\":\"Protein Quantity Per 100g - Total - NIP\",\"SortOrder\":587},{\"Id\":882,\"Name\":\"Protein Quantity Per Serve - Total - NIP\",\"Value\":\"1.1g\",\"Description\":\"Protein Quantity Per Serve - Total - NIP\",\"SortOrder\":591},{\"Id\":477,\"Name\":\"Serving Size - Total - NIP\",\"Value\":\"10g (approx. 4 Bruschetta Toasts)\",\"Description\":\"Serving Size - Total - NIP\",\"SortOrder\":607},{\"Id\":544,\"Name\":\"Servings Per Pack - Total - NIP\",\"Value\":\"12\",\"Description\":\"Servings Per Pack - Total - NIP\",\"SortOrder\":611},{\"Id\":491,\"Name\":\"Sodium Quantity Per 100g - Total - NIP\",\"Value\":\"900mg\",\"Description\":\"Sodium Quantity Per 100g - Total - NIP\",\"SortOrder\":623},{\"Id\":495,\"Name\":\"Sodium Quantity Per Serve - Total - NIP\",\"Value\":\"90mg\",\"Description\":\"Sodium Quantity Per Serve - Total - NIP\",\"SortOrder\":627},{\"Id\":907,\"Name\":\"Sugars Quantity Per 100g - Prefix - NIP\",\"Value\":null,\"Description\":\"Sugars Quantity Per 100g - Prefix - NIP\",\"SortOrder\":645},{\"Id\":908,\"Name\":\"Sugars Quantity Per 100g - SuffixUnits - NIP\",\"Value\":\"g\",\"Description\":\"Sugars Quantity Per 100g - SuffixUnits - NIP\",\"SortOrder\":646},{\"Id\":909,\"Name\":\"Sugars Quantity Per 100g - Total - NIP\",\"Value\":\"3.5g\",\"Description\":\"Sugars Quantity Per 100g - Total - NIP\",\"SortOrder\":647},{\"Id\":910,\"Name\":\"Sugars Quantity Per 100g - ValueWord - NIP\",\"Value\":\"3.5\",\"Description\":\"Sugars Quantity Per 100g - ValueWord - NIP\",\"SortOrder\":648},{\"Id\":504,\"Name\":\"Sugars Quantity Per Serve - Prefix - NIP\",\"Value\":null,\"Description\":\"Sugars Quantity Per Serve - Prefix - NIP\",\"SortOrder\":649},{\"Id\":911,\"Name\":\"Sugars Quantity Per Serve - SuffixUnits - NIP\",\"Value\":\"g\",\"Description\":\"Sugars Quantity Per Serve - SuffixUnits - NIP\",\"SortOrder\":650},{\"Id\":912,\"Name\":\"Sugars Quantity Per Serve - Total - NIP\",\"Value\":\"0.4g\",\"Description\":\"Sugars Quantity Per Serve - Total - NIP\",\"SortOrder\":651},{\"Id\":572,\"Name\":\"Sugars Quantity Per Serve - ValueWord - NIP\",\"Value\":\"0.4\",\"Description\":\"Sugars Quantity Per Serve - ValueWord - NIP\",\"SortOrder\":652},{\"Id\":593,\"Name\":\"Trans Quantity Per 100g - Total - NIP\",\"Value\":\"95.93mg\",\"Description\":\"Trans Quantity Per 100g - Total - NIP\",\"SortOrder\":667},{\"Id\":510,\"Name\":\"Trans Quantity Per Serve - Total - NIP\",\"Value\":\"9.57mg\",\"Description\":\"Trans Quantity Per Serve - Total - NIP\",\"SortOrder\":671}]}",
        "ovencook": "False",
        "vegetarian": "False",
        "hypo-allergenic": null,
        "timer": null,
        "dermatologistrecommended": null,
        "sapdepartmentno": "5",
        "allergencontains": "Gluten, Wheat",
        "waterresistant": null,
        "friendlydisclaimer": null,
        "recyclableinformation": null,
        "usageinstructions": null,
        "freezable": "False"
      },
      "DetailsImagePaths": [
        "https://cdn0.woolworths.media/content/wowproductimages/large/308287.jpg"
      ],
      "Variety": "Rosemary & Garlic",
      "Rating": {
        "ReviewCount": 0,
        "RatingCount": 0,
        "RatingSum": 0,
        "OneStarCount": 0,
        "TwoStarCount": 0,
        "ThreeStarCount": 0,
        "FourStarCount": 0,
        "FiveStarCount": 0,
        "Average": 0,
        "OneStarPercentage": 0,
        "TwoStarPercentage": 0,
        "ThreeStarPercentage": 0,
        "FourStarPercentage": 0,
        "FiveStarPercentage": 0
      },
      "HasProductSubs": false,
      "IsSponsoredAd": false,
      "AdID": null,
      "AdIndex": null,
      "AdStatus": null,
      "IsMarketProduct": false,
      "IsGiftable": false,
      "Vendor": null,
      "Untraceable": false,
      "ThirdPartyProductInfo": null,
      "MarketFeatures": null,
      "MarketSpecifications": null,
      "SupplyLimitSource": "ProductLimit",
      "Tags": null,
      "IsPersonalisedByPurchaseHistory": false,
      "IsFromFacetedSearch": false,
      "NextAvailabilityDate": null,
      "NumberOfSubstitutes": 0,
      "IsPrimaryVariant": false,
      "VariantGroupId": 0,
      "HasVariants": false,
      "VariantTitle": null,
      "IsTobacco": false,
      "IsB2BExtendedRangeSapCategory": false
    }
  },
  {
    "timestamp": "2024-07-09T11:35:23.144Z",
    "status": "success",
    "productURL": "https://www.woolworths.com.au/shop/productdetails/298956/always-fresh-cucumbers-bread-butter",
    "product": {
      "TileID": 0,
      "Stockcode": 298956,
      "Barcode": "9300602358099",
      "GtinFormat": 13,
      "CupPrice": 6.57,
      "InstoreCupPrice": 6.57,
      "CupMeasure": "1KG",
      "CupString": "$6.57 / 1KG",
      "InstoreCupString": "$6.57 / 1KG",
      "HasCupPrice": true,
      "InstoreHasCupPrice": true,
      "Price": 4.6,
      "InstorePrice": 4.6,
      "Name": "Always Fresh Cucumbers Bread & Butter",
      "DisplayName": "Always Fresh Cucumbers Bread & Butter 700g",
      "UrlFriendlyName": "always-fresh-cucumbers-bread-butter",
      "Description": " Always Fresh Cucumbers Bread<br>& Butter 700G",
      "SmallImageFile": "https://cdn0.woolworths.media/content/wowproductimages/small/298956.jpg",
      "MediumImageFile": "https://cdn0.woolworths.media/content/wowproductimages/medium/298956.jpg",
      "LargeImageFile": "https://cdn0.woolworths.media/content/wowproductimages/large/298956.jpg",
      "IsNew": false,
      "IsHalfPrice": false,
      "IsOnlineOnly": false,
      "IsOnSpecial": false,
      "InstoreIsOnSpecial": false,
      "IsEdrSpecial": false,
      "SavingsAmount": 0,
      "InstoreSavingsAmount": 0,
      "WasPrice": 4.6,
      "InstoreWasPrice": 4.6,
      "QuantityInTrolley": 0,
      "Unit": "Each",
      "MinimumQuantity": 1,
      "HasBeenBoughtBefore": false,
      "IsInTrolley": false,
      "Source": "ProductDetail",
      "SupplyLimit": 18,
      "ProductLimit": 36,
      "MaxSupplyLimitMessage": "18 item(s) left",
      "IsRanged": true,
      "IsInStock": true,
      "PackageSize": "700G",
      "IsPmDelivery": false,
      "IsForCollection": true,
      "IsForDelivery": true,
      "IsForExpress": true,
      "ProductRestrictionMessage": null,
      "ProductWarningMessage": null,
      "CentreTag": {
        "TagContent": null,
        "TagLink": null,
        "FallbackText": null,
        "TagType": "None",
        "MultibuyData": null,
        "MemberPriceData": null,
        "TagContentText": null,
        "DualImageTagContent": null,
        "PromotionType": "NOT_SET",
        "IsRegisteredRewardCardPromotion": false
      },
      "IsCentreTag": false,
      "ImageTag": {
        "TagContent": null,
        "TagLink": null,
        "FallbackText": "",
        "TagType": "None",
        "MultibuyData": null,
        "MemberPriceData": null,
        "TagContentText": null,
        "DualImageTagContent": null,
        "PromotionType": "NOT_SET",
        "IsRegisteredRewardCardPromotion": false
      },
      "HeaderTag": null,
      "HasHeaderTag": false,
      "UnitWeightInGrams": 1064,
      "SupplyLimitMessage": "'Always Fresh Cucumbers Bread & Butter' has a supply limit of 18. The quantity in your cart has been reduced accordingly. To purchase a larger quantity, please contact us on 1800 000 610. Please note we do not supply trade orders.",
      "SmallFormatDescription": "Always Fresh Cucumbers Bread & Butter",
      "FullDescription": "Always Fresh Cucumbers Bread & Butter",
      "IsAvailable": true,
      "InstoreIsAvailable": true,
      "IsPurchasable": true,
      "InstoreIsPurchasable": true,
      "AgeRestricted": false,
      "DisplayQuantity": 1,
      "RichDescription": "Pickled cucumbers infused with a traditional bread and butter flavour. These crunchy pickle slices are the perfect addition to hamburgers, sandwiches or salads.",
      "HideWasSavedPrice": false,
      "SapCategories": {
        "SapDepartmentName": "GROCERIES",
        "SapCategoryName": "CONDIMENTS",
        "SapSubCategoryName": "RELISHES & PICKLES",
        "SapSegmentName": "CUCUMBERS"
      },
      "Brand": "Always Fresh",
      "IsRestrictedByDeliveryMethod": false,
      "FooterTag": {
        "TagContent": null,
        "TagLink": null,
        "FallbackText": null,
        "TagType": "None",
        "MultibuyData": null,
        "MemberPriceData": null,
        "TagContentText": null,
        "DualImageTagContent": null,
        "PromotionType": "NOT_SET",
        "IsRegisteredRewardCardPromotion": false
      },
      "IsFooterEnabled": false,
      "Diagnostics": "0",
      "IsBundle": false,
      "IsInFamily": false,
      "ChildProducts": [],
      "UrlOverride": null,
      "AdditionalAttributes": {
        "boxedcontents": null,
        "addedvitaminsandminerals": "False",
        "sapdepartmentname": "GROCERIES",
        "spf": null,
        "haircolour": null,
        "lifestyleanddietarystatement": "Vegetarian",
        "sapcategoryname": "CONDIMENTS",
        "skintype": null,
        "importantinformation": null,
        "allergystatement": "Wheat Free",
        "productdepthmm": null,
        "skincondition": null,
        "ophthalmologistapproved": null,
        "healthstarrating": null,
        "hairtype": null,
        "fragrance-free": null,
        "sapsegmentname": "CUCUMBERS",
        "suitablefor": "Vegan, Vegetarian",
        "PiesProductDepartmentsjson": "[{\"Id\":\"1_39FD49C\",\"Description\":\"Pantry\"}]",
        "piessubcategorynamesjson": "[\"Pickled Vegetables\"]",
        "sapsegmentno": "3",
        "productwidthmm": null,
        "contains": null,
        "sapsubcategoryname": "RELISHES & PICKLES",
        "dermatologisttested": null,
        "wool_productpackaging": null,
        "dermatologicallyapproved": null,
        "specialsgroupid": null,
        "productimages": "298956.jpg,298956_1.jpg,298956_2.jpg,298956_3.jpg",
        "productheightmm": null,
        "r&r_hidereviews": null,
        "microwavesafe": "False",
        "paba-free": null,
        "lifestyleclaim": "Vegan, Vegetarian",
        "alcoholfree": null,
        "tgawarning": null,
        "activeconstituents": null,
        "microwaveable": "False",
        "soap-free": null,
        "countryoforigin": null,
        "isexcludedfromsubstitution": "False",
        "productimagecount": "4",
        "r&r_loggedinreviews": null,
        "anti-dandruff": null,
        "servingsize-total-nip": null,
        "tgahealthwarninglink": null,
        "allergenmaybepresent": null,
        "PiesProductDepartmentNodeId": "1_39FD49C",
        "parabenfree": "False",
        "vendorarticleid": null,
        "containsgluten": "False",
        "containsnuts": "False",
        "ingredients": "Cucumbers (53%), Water, Sugar, Salt, Food Acid (260), Mustard Seeds, Peppercorns, Flavour, Colour (101)",
        "colour": null,
        "manufacturer": null,
        "sapcategoryno": "81",
        "storageinstructions": "Refrigerate after opening. Consume within three weeks of opening.",
        "tgawarnings": null,
        "piesdepartmentnamesjson": "[\"Pantry\"]",
        "brand": "always fresh",
        "oilfree": null,
        "fragrance": null,
        "antibacterial": "False",
        "non-comedogenic": null,
        "antiseptic": "False",
        "bpafree": "False",
        "vendorcostprice": null,
        "description": "Pickled cucumbers infused with a traditional bread and butter flavour. These crunchy pickle slices are the perfect addition to hamburgers, sandwiches or salads.",
        "sweatresistant": null,
        "sapsubcategoryno": "162",
        "antioxidant": "False",
        "claims": null,
        "phbalanced": null,
        "wool_dietaryclaim": null,
        "ophthalmologisttested": null,
        "sulfatefree": "False",
        "servingsperpack-total-nip": null,
        "piescategorynamesjson": "[\"Condiments\"]",
        "nutritionalinformation": "{\"Name\":\"Nutritional Information\",\"Attributes\":[{\"Id\":702,\"Name\":\"Calcium Quantity Per 100g - Total - NIP\",\"Value\":\"22mg\",\"Description\":\"Calcium Quantity Per 100g - Total - NIP\",\"SortOrder\":71},{\"Id\":47,\"Name\":\"Calcium Quantity Per Serve - Total - NIP\",\"Value\":\"6.6mg\",\"Description\":\"Calcium Quantity Per Serve - Total - NIP\",\"SortOrder\":75},{\"Id\":705,\"Name\":\"Carbohydrate Quantity Per 100g - Total - NIP\",\"Value\":\"Approx.21.8g\",\"Description\":\"Carbohydrate Quantity Per 100g - Total - NIP\",\"SortOrder\":83},{\"Id\":706,\"Name\":\"Carbohydrate Quantity Per Serve - Total - NIP\",\"Value\":\"Approx.6.5g\",\"Description\":\"Carbohydrate Quantity Per Serve - Total - NIP\",\"SortOrder\":87},{\"Id\":191,\"Name\":\"Dietary Fibre Quantity Per 100g - Total - NIP\",\"Value\":\"1g\",\"Description\":\"Dietary Fibre Quantity Per 100g - Total - NIP\",\"SortOrder\":175},{\"Id\":120,\"Name\":\"Dietary Fibre Quantity Per Serve - Total - NIP\",\"Value\":\"0.3g\",\"Description\":\"Dietary Fibre Quantity Per Serve - Total - NIP\",\"SortOrder\":179},{\"Id\":759,\"Name\":\"Energy kJ Quantity Per 100g - Total - NIP\",\"Value\":\"Approx.410kJ\",\"Description\":\"Energy kJ Quantity Per 100g - Total - NIP\",\"SortOrder\":239},{\"Id\":760,\"Name\":\"Energy kJ Quantity Per Serve - Total - NIP\",\"Value\":\"Approx.123kJ\",\"Description\":\"Energy kJ Quantity Per Serve - Total - NIP\",\"SortOrder\":243},{\"Id\":253,\"Name\":\"Fat Saturated Quantity Per 100g - Total - NIP\",\"Value\":\"Approx.0.1g\",\"Description\":\"Fat Saturated Quantity Per 100g - Total - NIP\",\"SortOrder\":251},{\"Id\":258,\"Name\":\"Fat Saturated Quantity Per Serve - Total - NIP\",\"Value\":\"Approx.0.03g\",\"Description\":\"Fat Saturated Quantity Per Serve - Total - NIP\",\"SortOrder\":255},{\"Id\":764,\"Name\":\"Fat Total Quantity Per 100g - Total - NIP\",\"Value\":\"Approx.0.2g\",\"Description\":\"Fat Total Quantity Per 100g - Total - NIP\",\"SortOrder\":263},{\"Id\":166,\"Name\":\"Fat Total Quantity Per 100g - ValueWord - NIP\",\"Value\":\"0.2\",\"Description\":\"Fat Total Quantity Per 100g - ValueWord - NIP\",\"SortOrder\":264},{\"Id\":264,\"Name\":\"Fat Total Quantity Per Serve - Total - NIP\",\"Value\":\"Approx.0.1g\",\"Description\":\"Fat Total Quantity Per Serve - Total - NIP\",\"SortOrder\":267},{\"Id\":443,\"Name\":\"Potassium Quantity Per 100g - Total - NIP\",\"Value\":\"11mg\",\"Description\":\"Potassium Quantity Per 100g - Total - NIP\",\"SortOrder\":575},{\"Id\":493,\"Name\":\"Potassium Quantity Per Serve - Total - NIP\",\"Value\":\"3.3mg\",\"Description\":\"Potassium Quantity Per Serve - Total - NIP\",\"SortOrder\":579},{\"Id\":878,\"Name\":\"Protein Quantity Per 100g - Total - NIP\",\"Value\":\"Approx.1g\",\"Description\":\"Protein Quantity Per 100g - Total - NIP\",\"SortOrder\":587},{\"Id\":882,\"Name\":\"Protein Quantity Per Serve - Total - NIP\",\"Value\":\"Approx.0.3g\",\"Description\":\"Protein Quantity Per Serve - Total - NIP\",\"SortOrder\":591},{\"Id\":477,\"Name\":\"Serving Size - Total - NIP\",\"Value\":\"30g\",\"Description\":\"Serving Size - Total - NIP\",\"SortOrder\":607},{\"Id\":544,\"Name\":\"Servings Per Pack - Total - NIP\",\"Value\":\"12.4\",\"Description\":\"Servings Per Pack - Total - NIP\",\"SortOrder\":611},{\"Id\":491,\"Name\":\"Sodium Quantity Per 100g - Total - NIP\",\"Value\":\"Approx.377mg\",\"Description\":\"Sodium Quantity Per 100g - Total - NIP\",\"SortOrder\":623},{\"Id\":495,\"Name\":\"Sodium Quantity Per Serve - Total - NIP\",\"Value\":\"Approx.113mg\",\"Description\":\"Sodium Quantity Per Serve - Total - NIP\",\"SortOrder\":627},{\"Id\":907,\"Name\":\"Sugars Quantity Per 100g - Prefix - NIP\",\"Value\":\"Approx.\",\"Description\":\"Sugars Quantity Per 100g - Prefix - NIP\",\"SortOrder\":645},{\"Id\":908,\"Name\":\"Sugars Quantity Per 100g - SuffixUnits - NIP\",\"Value\":\"g\",\"Description\":\"Sugars Quantity Per 100g - SuffixUnits - NIP\",\"SortOrder\":646},{\"Id\":909,\"Name\":\"Sugars Quantity Per 100g - Total - NIP\",\"Value\":\"Approx.20.2g\",\"Description\":\"Sugars Quantity Per 100g - Total - NIP\",\"SortOrder\":647},{\"Id\":910,\"Name\":\"Sugars Quantity Per 100g - ValueWord - NIP\",\"Value\":\"20.2\",\"Description\":\"Sugars Quantity Per 100g - ValueWord - NIP\",\"SortOrder\":648},{\"Id\":504,\"Name\":\"Sugars Quantity Per Serve - Prefix - NIP\",\"Value\":\"Approx.\",\"Description\":\"Sugars Quantity Per Serve - Prefix - NIP\",\"SortOrder\":649},{\"Id\":911,\"Name\":\"Sugars Quantity Per Serve - SuffixUnits - NIP\",\"Value\":\"g\",\"Description\":\"Sugars Quantity Per Serve - SuffixUnits - NIP\",\"SortOrder\":650},{\"Id\":912,\"Name\":\"Sugars Quantity Per Serve - Total - NIP\",\"Value\":\"Approx.6.1g\",\"Description\":\"Sugars Quantity Per Serve - Total - NIP\",\"SortOrder\":651},{\"Id\":572,\"Name\":\"Sugars Quantity Per Serve - ValueWord - NIP\",\"Value\":\"6.1\",\"Description\":\"Sugars Quantity Per Serve - ValueWord - NIP\",\"SortOrder\":652}]}",
        "ovencook": "False",
        "vegetarian": "False",
        "hypo-allergenic": null,
        "timer": null,
        "dermatologistrecommended": null,
        "sapdepartmentno": "5",
        "allergencontains": "Mustard",
        "waterresistant": null,
        "friendlydisclaimer": null,
        "recyclableinformation": null,
        "usageinstructions": null,
        "freezable": "False"
      },
      "DetailsImagePaths": [
        "https://cdn0.woolworths.media/content/wowproductimages/large/298956.jpg",
        "https://cdn0.woolworths.media/content/wowproductimages/large/298956_1.jpg",
        "https://cdn0.woolworths.media/content/wowproductimages/large/298956_2.jpg",
        "https://cdn0.woolworths.media/content/wowproductimages/large/298956_3.jpg"
      ],
      "Variety": "Bread & Butter",
      "Rating": {
        "ReviewCount": 0,
        "RatingCount": 0,
        "RatingSum": 0,
        "OneStarCount": 0,
        "TwoStarCount": 0,
        "ThreeStarCount": 0,
        "FourStarCount": 0,
        "FiveStarCount": 0,
        "Average": 0,
        "OneStarPercentage": 0,
        "TwoStarPercentage": 0,
        "ThreeStarPercentage": 0,
        "FourStarPercentage": 0,
        "FiveStarPercentage": 0
      },
      "HasProductSubs": false,
      "IsSponsoredAd": false,
      "AdID": null,
      "AdIndex": null,
      "AdStatus": null,
      "IsMarketProduct": false,
      "IsGiftable": false,
      "Vendor": null,
      "Untraceable": false,
      "ThirdPartyProductInfo": null,
      "MarketFeatures": null,
      "MarketSpecifications": null,
      "SupplyLimitSource": "StockQuantity",
      "Tags": null,
      "IsPersonalisedByPurchaseHistory": false,
      "IsFromFacetedSearch": false,
      "NextAvailabilityDate": "2024-07-11T00:00:00.0000000Z",
      "NumberOfSubstitutes": 0,
      "IsPrimaryVariant": false,
      "VariantGroupId": 0,
      "HasVariants": false,
      "VariantTitle": null,
      "IsTobacco": false,
      "IsB2BExtendedRangeSapCategory": false
    }
  },
  {
    "timestamp": "2024-07-09T11:35:23.380Z",
    "status": "success",
    "productURL": "https://www.woolworths.com.au/shop/productdetails/36375/always-fresh-cucumbers-polish-ogor",
    "product": {
      "TileID": 0,
      "Stockcode": 36375,
      "Barcode": "9300602354411",
      "GtinFormat": 13,
      "CupPrice": 6.76,
      "InstoreCupPrice": 6.76,
      "CupMeasure": "1KG",
      "CupString": "$6.76 / 1KG",
      "InstoreCupString": "$6.76 / 1KG",
      "HasCupPrice": true,
      "InstoreHasCupPrice": true,
      "Price": 4.6,
      "InstorePrice": 4.6,
      "Name": "Always Fresh Cucumbers Polish Ogor",
      "DisplayName": "Always Fresh Cucumbers Polish Ogor 680g",
      "UrlFriendlyName": "always-fresh-cucumbers-polish-ogor",
      "Description": " Always Fresh Cucumbers<br>Polish Ogor 680G",
      "SmallImageFile": "https://cdn0.woolworths.media/content/wowproductimages/small/036375.jpg",
      "MediumImageFile": "https://cdn0.woolworths.media/content/wowproductimages/medium/036375.jpg",
      "LargeImageFile": "https://cdn0.woolworths.media/content/wowproductimages/large/036375.jpg",
      "IsNew": false,
      "IsHalfPrice": false,
      "IsOnlineOnly": false,
      "IsOnSpecial": false,
      "InstoreIsOnSpecial": false,
      "IsEdrSpecial": false,
      "SavingsAmount": 0,
      "InstoreSavingsAmount": 0,
      "WasPrice": 4.6,
      "InstoreWasPrice": 4.6,
      "QuantityInTrolley": 0,
      "Unit": "Each",
      "MinimumQuantity": 1,
      "HasBeenBoughtBefore": false,
      "IsInTrolley": false,
      "Source": "ProductDetail",
      "SupplyLimit": 8,
      "ProductLimit": 36,
      "MaxSupplyLimitMessage": "8 item(s) left",
      "IsRanged": true,
      "IsInStock": true,
      "PackageSize": "680G",
      "IsPmDelivery": false,
      "IsForCollection": true,
      "IsForDelivery": true,
      "IsForExpress": true,
      "ProductRestrictionMessage": null,
      "ProductWarningMessage": null,
      "CentreTag": {
        "TagContent": null,
        "TagLink": null,
        "FallbackText": null,
        "TagType": "None",
        "MultibuyData": null,
        "MemberPriceData": null,
        "TagContentText": null,
        "DualImageTagContent": null,
        "PromotionType": "NOT_SET",
        "IsRegisteredRewardCardPromotion": false
      },
      "IsCentreTag": false,
      "ImageTag": {
        "TagContent": null,
        "TagLink": null,
        "FallbackText": "",
        "TagType": "None",
        "MultibuyData": null,
        "MemberPriceData": null,
        "TagContentText": null,
        "DualImageTagContent": null,
        "PromotionType": "NOT_SET",
        "IsRegisteredRewardCardPromotion": false
      },
      "HeaderTag": null,
      "HasHeaderTag": false,
      "UnitWeightInGrams": 1029,
      "SupplyLimitMessage": "'Always Fresh Cucumbers Polish Ogor' has a supply limit of 8. The quantity in your cart has been reduced accordingly. To purchase a larger quantity, please contact us on 1800 000 610. Please note we do not supply trade orders.",
      "SmallFormatDescription": "Always Fresh Cucumbers Polish Ogor",
      "FullDescription": "Always Fresh Cucumbers Polish Ogor",
      "IsAvailable": true,
      "InstoreIsAvailable": true,
      "IsPurchasable": true,
      "InstoreIsPurchasable": true,
      "AgeRestricted": false,
      "DisplayQuantity": 1,
      "RichDescription": "Polish style cucumbers marinated with flavourful mustard and dill seeds. Firm and crisp with a traditional eastern European flavour.",
      "HideWasSavedPrice": false,
      "SapCategories": {
        "SapDepartmentName": "GROCERIES",
        "SapCategoryName": "CONDIMENTS",
        "SapSubCategoryName": "RELISHES & PICKLES",
        "SapSegmentName": "CUCUMBERS"
      },
      "Brand": "Always Fresh",
      "IsRestrictedByDeliveryMethod": false,
      "FooterTag": {
        "TagContent": null,
        "TagLink": null,
        "FallbackText": null,
        "TagType": "None",
        "MultibuyData": null,
        "MemberPriceData": null,
        "TagContentText": null,
        "DualImageTagContent": null,
        "PromotionType": "NOT_SET",
        "IsRegisteredRewardCardPromotion": false
      },
      "IsFooterEnabled": false,
      "Diagnostics": "0",
      "IsBundle": false,
      "IsInFamily": false,
      "ChildProducts": [],
      "UrlOverride": null,
      "AdditionalAttributes": {
        "boxedcontents": null,
        "addedvitaminsandminerals": "False",
        "sapdepartmentname": "GROCERIES",
        "spf": null,
        "haircolour": null,
        "lifestyleanddietarystatement": "Gluten Free",
        "sapcategoryname": "CONDIMENTS",
        "skintype": null,
        "importantinformation": null,
        "allergystatement": "Wheat Free",
        "productdepthmm": null,
        "skincondition": null,
        "ophthalmologistapproved": null,
        "healthstarrating": null,
        "hairtype": null,
        "fragrance-free": null,
        "sapsegmentname": "CUCUMBERS",
        "suitablefor": "Vegan, Vegetarian",
        "PiesProductDepartmentsjson": "[{\"Id\":\"1_39FD49C\",\"Description\":\"Pantry\"}]",
        "piessubcategorynamesjson": "[\"Pickled Vegetables\"]",
        "sapsegmentno": "3",
        "productwidthmm": null,
        "contains": null,
        "sapsubcategoryname": "RELISHES & PICKLES",
        "dermatologisttested": null,
        "wool_productpackaging": null,
        "dermatologicallyapproved": null,
        "specialsgroupid": null,
        "productimages": "36375.jpg,36375_1.jpg,36375_2.jpg,36375_3.jpg",
        "productheightmm": null,
        "r&r_hidereviews": null,
        "microwavesafe": "False",
        "paba-free": null,
        "lifestyleclaim": "Vegan, Vegetarian",
        "alcoholfree": null,
        "tgawarning": null,
        "activeconstituents": null,
        "microwaveable": "False",
        "soap-free": null,
        "countryoforigin": null,
        "isexcludedfromsubstitution": "False",
        "productimagecount": "4",
        "r&r_loggedinreviews": null,
        "anti-dandruff": null,
        "servingsize-total-nip": null,
        "tgahealthwarninglink": null,
        "allergenmaybepresent": null,
        "PiesProductDepartmentNodeId": "1_39FD49C",
        "parabenfree": "False",
        "vendorarticleid": null,
        "containsgluten": "False",
        "containsnuts": "False",
        "ingredients": "Cucumbers (53%), Water, Vinegar, Sugar, Salt, Dill Weed, Onion, Peppers, Food Acid (260), Mustard Seeds, Flavour",
        "colour": null,
        "manufacturer": null,
        "sapcategoryno": "81",
        "storageinstructions": "Refrigerate after opening. Consume within three weeks of opening.",
        "tgawarnings": null,
        "piesdepartmentnamesjson": "[\"Pantry\"]",
        "brand": "always fresh",
        "oilfree": null,
        "fragrance": null,
        "antibacterial": "False",
        "non-comedogenic": null,
        "antiseptic": "False",
        "bpafree": "False",
        "vendorcostprice": null,
        "description": "Polish style cucumbers marinated with flavourful mustard and dill seeds. Firm and crisp with a traditional eastern European flavour.",
        "sweatresistant": null,
        "sapsubcategoryno": "162",
        "antioxidant": "False",
        "claims": null,
        "phbalanced": null,
        "wool_dietaryclaim": null,
        "ophthalmologisttested": null,
        "sulfatefree": "False",
        "servingsperpack-total-nip": null,
        "piescategorynamesjson": "[\"Condiments\"]",
        "nutritionalinformation": "{\"Name\":\"Nutritional Information\",\"Attributes\":[{\"Id\":702,\"Name\":\"Calcium Quantity Per 100g - Total - NIP\",\"Value\":\"22mg\",\"Description\":\"Calcium Quantity Per 100g - Total - NIP\",\"SortOrder\":71},{\"Id\":47,\"Name\":\"Calcium Quantity Per Serve - Total - NIP\",\"Value\":\"6.66mg\",\"Description\":\"Calcium Quantity Per Serve - Total - NIP\",\"SortOrder\":75},{\"Id\":705,\"Name\":\"Carbohydrate Quantity Per 100g - Total - NIP\",\"Value\":\"Approx.3.8g\",\"Description\":\"Carbohydrate Quantity Per 100g - Total - NIP\",\"SortOrder\":83},{\"Id\":706,\"Name\":\"Carbohydrate Quantity Per Serve - Total - NIP\",\"Value\":\"Approx.1.1g\",\"Description\":\"Carbohydrate Quantity Per Serve - Total - NIP\",\"SortOrder\":87},{\"Id\":191,\"Name\":\"Dietary Fibre Quantity Per 100g - Total - NIP\",\"Value\":\"1g\",\"Description\":\"Dietary Fibre Quantity Per 100g - Total - NIP\",\"SortOrder\":175},{\"Id\":120,\"Name\":\"Dietary Fibre Quantity Per Serve - Total - NIP\",\"Value\":\"0.3g\",\"Description\":\"Dietary Fibre Quantity Per Serve - Total - NIP\",\"SortOrder\":179},{\"Id\":759,\"Name\":\"Energy kJ Quantity Per 100g - Total - NIP\",\"Value\":\"Approx.109kJ\",\"Description\":\"Energy kJ Quantity Per 100g - Total - NIP\",\"SortOrder\":239},{\"Id\":760,\"Name\":\"Energy kJ Quantity Per Serve - Total - NIP\",\"Value\":\"Approx.33kJ\",\"Description\":\"Energy kJ Quantity Per Serve - Total - NIP\",\"SortOrder\":243},{\"Id\":253,\"Name\":\"Fat Saturated Quantity Per 100g - Total - NIP\",\"Value\":\"Approx.0.1g\",\"Description\":\"Fat Saturated Quantity Per 100g - Total - NIP\",\"SortOrder\":251},{\"Id\":258,\"Name\":\"Fat Saturated Quantity Per Serve - Total - NIP\",\"Value\":\"Approx.0.03g\",\"Description\":\"Fat Saturated Quantity Per Serve - Total - NIP\",\"SortOrder\":255},{\"Id\":764,\"Name\":\"Fat Total Quantity Per 100g - Total - NIP\",\"Value\":\"Approx.0.2g\",\"Description\":\"Fat Total Quantity Per 100g - Total - NIP\",\"SortOrder\":263},{\"Id\":166,\"Name\":\"Fat Total Quantity Per 100g - ValueWord - NIP\",\"Value\":\"0.2\",\"Description\":\"Fat Total Quantity Per 100g - ValueWord - NIP\",\"SortOrder\":264},{\"Id\":264,\"Name\":\"Fat Total Quantity Per Serve - Total - NIP\",\"Value\":\"Approx.0.06g\",\"Description\":\"Fat Total Quantity Per Serve - Total - NIP\",\"SortOrder\":267},{\"Id\":443,\"Name\":\"Potassium Quantity Per 100g - Total - NIP\",\"Value\":\"11mg\",\"Description\":\"Potassium Quantity Per 100g - Total - NIP\",\"SortOrder\":575},{\"Id\":493,\"Name\":\"Potassium Quantity Per Serve - Total - NIP\",\"Value\":\"3.33mg\",\"Description\":\"Potassium Quantity Per Serve - Total - NIP\",\"SortOrder\":579},{\"Id\":878,\"Name\":\"Protein Quantity Per 100g - Total - NIP\",\"Value\":\"Approx.1.5g\",\"Description\":\"Protein Quantity Per 100g - Total - NIP\",\"SortOrder\":587},{\"Id\":882,\"Name\":\"Protein Quantity Per Serve - Total - NIP\",\"Value\":\"Approx.0.5g\",\"Description\":\"Protein Quantity Per Serve - Total - NIP\",\"SortOrder\":591},{\"Id\":477,\"Name\":\"Serving Size - Total - NIP\",\"Value\":\"30g\",\"Description\":\"Serving Size - Total - NIP\",\"SortOrder\":607},{\"Id\":544,\"Name\":\"Servings Per Pack - Total - NIP\",\"Value\":\"12\",\"Description\":\"Servings Per Pack - Total - NIP\",\"SortOrder\":611},{\"Id\":491,\"Name\":\"Sodium Quantity Per 100g - Total - NIP\",\"Value\":\"Approx.763mg\",\"Description\":\"Sodium Quantity Per 100g - Total - NIP\",\"SortOrder\":623},{\"Id\":495,\"Name\":\"Sodium Quantity Per Serve - Total - NIP\",\"Value\":\"Approx.229mg\",\"Description\":\"Sodium Quantity Per Serve - Total - NIP\",\"SortOrder\":627},{\"Id\":907,\"Name\":\"Sugars Quantity Per 100g - Prefix - NIP\",\"Value\":\"Approx.\",\"Description\":\"Sugars Quantity Per 100g - Prefix - NIP\",\"SortOrder\":645},{\"Id\":908,\"Name\":\"Sugars Quantity Per 100g - SuffixUnits - NIP\",\"Value\":\"g\",\"Description\":\"Sugars Quantity Per 100g - SuffixUnits - NIP\",\"SortOrder\":646},{\"Id\":909,\"Name\":\"Sugars Quantity Per 100g - Total - NIP\",\"Value\":\"Approx.3g\",\"Description\":\"Sugars Quantity Per 100g - Total - NIP\",\"SortOrder\":647},{\"Id\":910,\"Name\":\"Sugars Quantity Per 100g - ValueWord - NIP\",\"Value\":\"3\",\"Description\":\"Sugars Quantity Per 100g - ValueWord - NIP\",\"SortOrder\":648},{\"Id\":504,\"Name\":\"Sugars Quantity Per Serve - Prefix - NIP\",\"Value\":\"Approx.\",\"Description\":\"Sugars Quantity Per Serve - Prefix - NIP\",\"SortOrder\":649},{\"Id\":911,\"Name\":\"Sugars Quantity Per Serve - SuffixUnits - NIP\",\"Value\":\"g\",\"Description\":\"Sugars Quantity Per Serve - SuffixUnits - NIP\",\"SortOrder\":650},{\"Id\":912,\"Name\":\"Sugars Quantity Per Serve - Total - NIP\",\"Value\":\"Approx.0.9g\",\"Description\":\"Sugars Quantity Per Serve - Total - NIP\",\"SortOrder\":651},{\"Id\":572,\"Name\":\"Sugars Quantity Per Serve - ValueWord - NIP\",\"Value\":\"0.9\",\"Description\":\"Sugars Quantity Per Serve - ValueWord - NIP\",\"SortOrder\":652}]}",
        "ovencook": "False",
        "vegetarian": "False",
        "hypo-allergenic": null,
        "timer": null,
        "dermatologistrecommended": null,
        "sapdepartmentno": "5",
        "allergencontains": "Mustard",
        "waterresistant": null,
        "friendlydisclaimer": null,
        "recyclableinformation": null,
        "usageinstructions": null,
        "freezable": "False"
      },
      "DetailsImagePaths": [
        "https://cdn0.woolworths.media/content/wowproductimages/large/036375.jpg",
        "https://cdn0.woolworths.media/content/wowproductimages/large/036375_1.jpg",
        "https://cdn0.woolworths.media/content/wowproductimages/large/036375_2.jpg",
        "https://cdn0.woolworths.media/content/wowproductimages/large/036375_3.jpg"
      ],
      "Variety": "Polish Ogor",
      "Rating": {
        "ReviewCount": 0,
        "RatingCount": 0,
        "RatingSum": 0,
        "OneStarCount": 0,
        "TwoStarCount": 0,
        "ThreeStarCount": 0,
        "FourStarCount": 0,
        "FiveStarCount": 0,
        "Average": 0,
        "OneStarPercentage": 0,
        "TwoStarPercentage": 0,
        "ThreeStarPercentage": 0,
        "FourStarPercentage": 0,
        "FiveStarPercentage": 0
      },
      "HasProductSubs": false,
      "IsSponsoredAd": false,
      "AdID": null,
      "AdIndex": null,
      "AdStatus": null,
      "IsMarketProduct": false,
      "IsGiftable": false,
      "Vendor": null,
      "Untraceable": false,
      "ThirdPartyProductInfo": null,
      "MarketFeatures": null,
      "MarketSpecifications": null,
      "SupplyLimitSource": "StockQuantity",
      "Tags": null,
      "IsPersonalisedByPurchaseHistory": false,
      "IsFromFacetedSearch": false,
      "NextAvailabilityDate": "2024-07-11T00:00:00.0000000Z",
      "NumberOfSubstitutes": 0,
      "IsPrimaryVariant": false,
      "VariantGroupId": 0,
      "HasVariants": false,
      "VariantTitle": null,
      "IsTobacco": false,
      "IsB2BExtendedRangeSapCategory": false
    }
  },
  {
    "timestamp": "2024-07-09T11:35:23.717Z",
    "status": "success",
    "productURL": "https://www.woolworths.com.au/shop/productdetails/334425/always-fresh-dill-garlic-pitted-green-olives",
    "product": {
      "TileID": 0,
      "Stockcode": 334425,
      "Barcode": "9300602378271",
      "GtinFormat": 13,
      "CupPrice": 0,
      "InstoreCupPrice": 0,
      "CupMeasure": "100G",
      "CupString": "$0.00 / 100G",
      "InstoreCupString": "$0.00 / 100G",
      "HasCupPrice": false,
      "InstoreHasCupPrice": false,
      "Price": 0,
      "InstorePrice": 0,
      "Name": "Always Fresh Dill & Garlic Pitted Green Olives",
      "DisplayName": "Always Fresh Dill & Garlic Pitted Green Olives 240g",
      "UrlFriendlyName": "always-fresh-dill-garlic-pitted-green-olives",
      "Description": " Always Fresh Dill & Garlic<br>Pitted Green Olives 240g",
      "SmallImageFile": "https://cdn0.woolworths.media/content/wowproductimages/small/334425.jpg",
      "MediumImageFile": "https://cdn0.woolworths.media/content/wowproductimages/medium/334425.jpg",
      "LargeImageFile": "https://cdn0.woolworths.media/content/wowproductimages/large/334425.jpg",
      "IsNew": false,
      "IsHalfPrice": false,
      "IsOnlineOnly": false,
      "IsOnSpecial": false,
      "InstoreIsOnSpecial": false,
      "IsEdrSpecial": false,
      "SavingsAmount": 0,
      "InstoreSavingsAmount": 0,
      "WasPrice": 0,
      "InstoreWasPrice": 0,
      "QuantityInTrolley": 0,
      "Unit": "Each",
      "MinimumQuantity": 1,
      "HasBeenBoughtBefore": false,
      "IsInTrolley": false,
      "Source": "ProductDetail",
      "SupplyLimit": 36,
      "ProductLimit": 36,
      "MaxSupplyLimitMessage": "36 item limit",
      "IsRanged": false,
      "IsInStock": false,
      "PackageSize": "240g",
      "IsPmDelivery": false,
      "IsForCollection": true,
      "IsForDelivery": true,
      "IsForExpress": true,
      "ProductRestrictionMessage": null,
      "ProductWarningMessage": null,
      "CentreTag": {
        "TagContent": null,
        "TagLink": null,
        "FallbackText": null,
        "TagType": "None",
        "MultibuyData": null,
        "MemberPriceData": null,
        "TagContentText": null,
        "DualImageTagContent": null,
        "PromotionType": "NOT_SET",
        "IsRegisteredRewardCardPromotion": false
      },
      "IsCentreTag": false,
      "ImageTag": {
        "TagContent": null,
        "TagLink": null,
        "FallbackText": null,
        "TagType": "None",
        "MultibuyData": null,
        "MemberPriceData": null,
        "TagContentText": null,
        "DualImageTagContent": null,
        "PromotionType": "NOT_SET",
        "IsRegisteredRewardCardPromotion": false
      },
      "HeaderTag": null,
      "HasHeaderTag": false,
      "UnitWeightInGrams": 417,
      "SupplyLimitMessage": "'Always Fresh Dill & Garlic Pitted Green Olives' has a supply limit of 36. The quantity in your cart has been reduced accordingly. To purchase a larger quantity, please contact us on 1800 000 610. Please note we do not supply trade orders.",
      "SmallFormatDescription": "Always Fresh Dill & Garlic Pitted Green Olives",
      "FullDescription": "Always Fresh Dill & Garlic Pitted Green Olives",
      "IsAvailable": false,
      "InstoreIsAvailable": false,
      "IsPurchasable": false,
      "InstoreIsPurchasable": false,
      "AgeRestricted": false,
      "DisplayQuantity": 1,
      "RichDescription": null,
      "HideWasSavedPrice": true,
      "SapCategories": {
        "SapDepartmentName": "GROCERIES",
        "SapCategoryName": "CONDIMENTS",
        "SapSubCategoryName": "RELISHES & PICKLES",
        "SapSegmentName": "OLIVES"
      },
      "Brand": "Always Fresh",
      "IsRestrictedByDeliveryMethod": false,
      "FooterTag": {
        "TagContent": null,
        "TagLink": null,
        "FallbackText": null,
        "TagType": "None",
        "MultibuyData": null,
        "MemberPriceData": null,
        "TagContentText": null,
        "DualImageTagContent": null,
        "PromotionType": "NOT_SET",
        "IsRegisteredRewardCardPromotion": false
      },
      "IsFooterEnabled": false,
      "Diagnostics": "0",
      "IsBundle": false,
      "IsInFamily": false,
      "ChildProducts": [],
      "UrlOverride": null,
      "AdditionalAttributes": {
        "boxedcontents": null,
        "addedvitaminsandminerals": "False",
        "sapdepartmentname": "GROCERIES",
        "spf": null,
        "haircolour": null,
        "lifestyleanddietarystatement": "Low Sugar",
        "sapcategoryname": "CONDIMENTS",
        "skintype": null,
        "importantinformation": null,
        "allergystatement": null,
        "productdepthmm": null,
        "skincondition": null,
        "ophthalmologistapproved": null,
        "healthstarrating": null,
        "hairtype": null,
        "fragrance-free": null,
        "sapsegmentname": "OLIVES",
        "suitablefor": null,
        "PiesProductDepartmentsjson": "[{\"Id\":\"1_39FD49C\",\"Description\":\"Pantry\"}]",
        "piessubcategorynamesjson": "[\"Pickled Vegetables\"]",
        "sapsegmentno": "6",
        "productwidthmm": null,
        "contains": null,
        "sapsubcategoryname": "RELISHES & PICKLES",
        "dermatologisttested": null,
        "wool_productpackaging": null,
        "dermatologicallyapproved": null,
        "specialsgroupid": null,
        "productimages": "334425.jpg,334425_2.jpg",
        "productheightmm": null,
        "r&r_hidereviews": null,
        "microwavesafe": "False",
        "paba-free": null,
        "lifestyleclaim": "VEGAN;VEGETARIAN",
        "alcoholfree": null,
        "tgawarning": null,
        "activeconstituents": null,
        "microwaveable": "False",
        "soap-free": null,
        "countryoforigin": null,
        "isexcludedfromsubstitution": "False",
        "productimagecount": "2",
        "r&r_loggedinreviews": null,
        "anti-dandruff": null,
        "servingsize-total-nip": null,
        "tgahealthwarninglink": null,
        "allergenmaybepresent": "Milk, Sesame, Sulphites, Almond, Tree Nuts",
        "PiesProductDepartmentNodeId": "1_39FD49C",
        "parabenfree": "False",
        "vendorarticleid": null,
        "containsgluten": "False",
        "containsnuts": "False",
        "ingredients": null,
        "colour": null,
        "manufacturer": null,
        "sapcategoryno": "81",
        "storageinstructions": null,
        "tgawarnings": null,
        "piesdepartmentnamesjson": "[\"Pantry\"]",
        "brand": "always fresh",
        "oilfree": null,
        "fragrance": null,
        "antibacterial": "False",
        "non-comedogenic": null,
        "antiseptic": "False",
        "bpafree": "False",
        "vendorcostprice": null,
        "description": null,
        "sweatresistant": null,
        "sapsubcategoryno": "162",
        "antioxidant": "False",
        "claims": null,
        "phbalanced": null,
        "wool_dietaryclaim": null,
        "ophthalmologisttested": null,
        "sulfatefree": "False",
        "servingsperpack-total-nip": null,
        "piescategorynamesjson": "[\"Condiments\"]",
        "nutritionalinformation": "{\"Name\":\"Nutritional Information\",\"Attributes\":[{\"Id\":705,\"Name\":\"Carbohydrate Quantity Per 100g - Total - NIP\",\"Value\":\"8.70g\",\"Description\":\"Carbohydrate Quantity Per 100g - Total - NIP\",\"SortOrder\":83},{\"Id\":706,\"Name\":\"Carbohydrate Quantity Per Serve - Total - NIP\",\"Value\":\"1.70g\",\"Description\":\"Carbohydrate Quantity Per Serve - Total - NIP\",\"SortOrder\":87},{\"Id\":191,\"Name\":\"Dietary Fibre Quantity Per 100g - Total - NIP\",\"Value\":\"4.10g\",\"Description\":\"Dietary Fibre Quantity Per 100g - Total - NIP\",\"SortOrder\":175},{\"Id\":120,\"Name\":\"Dietary Fibre Quantity Per Serve - Total - NIP\",\"Value\":\"0.80g\",\"Description\":\"Dietary Fibre Quantity Per Serve - Total - NIP\",\"SortOrder\":179},{\"Id\":759,\"Name\":\"Energy kJ Quantity Per 100g - Total - NIP\",\"Value\":\"440.00kJ\",\"Description\":\"Energy kJ Quantity Per 100g - Total - NIP\",\"SortOrder\":239},{\"Id\":760,\"Name\":\"Energy kJ Quantity Per Serve - Total - NIP\",\"Value\":\"88.00kJ\",\"Description\":\"Energy kJ Quantity Per Serve - Total - NIP\",\"SortOrder\":243},{\"Id\":253,\"Name\":\"Fat Saturated Quantity Per 100g - Total - NIP\",\"Value\":\"1.00g\",\"Description\":\"Fat Saturated Quantity Per 100g - Total - NIP\",\"SortOrder\":251},{\"Id\":258,\"Name\":\"Fat Saturated Quantity Per Serve - Total - NIP\",\"Value\":\"0.20g\",\"Description\":\"Fat Saturated Quantity Per Serve - Total - NIP\",\"SortOrder\":255},{\"Id\":764,\"Name\":\"Fat Total Quantity Per 100g - Total - NIP\",\"Value\":\"6.40g\",\"Description\":\"Fat Total Quantity Per 100g - Total - NIP\",\"SortOrder\":263},{\"Id\":166,\"Name\":\"Fat Total Quantity Per 100g - ValueWord - NIP\",\"Value\":\"6.40\",\"Description\":\"Fat Total Quantity Per 100g - ValueWord - NIP\",\"SortOrder\":264},{\"Id\":264,\"Name\":\"Fat Total Quantity Per Serve - Total - NIP\",\"Value\":\"1.30g\",\"Description\":\"Fat Total Quantity Per Serve - Total - NIP\",\"SortOrder\":267},{\"Id\":878,\"Name\":\"Protein Quantity Per 100g - Total - NIP\",\"Value\":\"1.30g\",\"Description\":\"Protein Quantity Per 100g - Total - NIP\",\"SortOrder\":587},{\"Id\":882,\"Name\":\"Protein Quantity Per Serve - Total - NIP\",\"Value\":\"0.30g\",\"Description\":\"Protein Quantity Per Serve - Total - NIP\",\"SortOrder\":591},{\"Id\":477,\"Name\":\"Serving Size - Total - NIP\",\"Value\":\"20g\",\"Description\":\"Serving Size - Total - NIP\",\"SortOrder\":607},{\"Id\":544,\"Name\":\"Servings Per Pack - Total - NIP\",\"Value\":\"6\",\"Description\":\"Servings Per Pack - Total - NIP\",\"SortOrder\":611},{\"Id\":491,\"Name\":\"Sodium Quantity Per 100g - Total - NIP\",\"Value\":\"1400.00mg\",\"Description\":\"Sodium Quantity Per 100g - Total - NIP\",\"SortOrder\":623},{\"Id\":495,\"Name\":\"Sodium Quantity Per Serve - Total - NIP\",\"Value\":\"280.00mg\",\"Description\":\"Sodium Quantity Per Serve - Total - NIP\",\"SortOrder\":627},{\"Id\":908,\"Name\":\"Sugars Quantity Per 100g - SuffixUnits - NIP\",\"Value\":\"g\",\"Description\":\"Sugars Quantity Per 100g - SuffixUnits - NIP\",\"SortOrder\":646},{\"Id\":909,\"Name\":\"Sugars Quantity Per 100g - Total - NIP\",\"Value\":\"0.10g\",\"Description\":\"Sugars Quantity Per 100g - Total - NIP\",\"SortOrder\":647},{\"Id\":910,\"Name\":\"Sugars Quantity Per 100g - ValueWord - NIP\",\"Value\":\"0.10\",\"Description\":\"Sugars Quantity Per 100g - ValueWord - NIP\",\"SortOrder\":648}]}",
        "ovencook": "False",
        "vegetarian": "False",
        "hypo-allergenic": null,
        "timer": null,
        "dermatologistrecommended": null,
        "sapdepartmentno": "5",
        "allergencontains": null,
        "waterresistant": null,
        "friendlydisclaimer": null,
        "recyclableinformation": null,
        "usageinstructions": null,
        "freezable": "False"
      },
      "DetailsImagePaths": [
        "https://cdn0.woolworths.media/content/wowproductimages/large/334425.jpg",
        "https://cdn0.woolworths.media/content/wowproductimages/large/334425_2.jpg"
      ],
      "Variety": "Green Olives",
      "Rating": {
        "ReviewCount": 0,
        "RatingCount": 0,
        "RatingSum": 0,
        "OneStarCount": 0,
        "TwoStarCount": 0,
        "ThreeStarCount": 0,
        "FourStarCount": 0,
        "FiveStarCount": 0,
        "Average": 0,
        "OneStarPercentage": 0,
        "TwoStarPercentage": 0,
        "ThreeStarPercentage": 0,
        "FourStarPercentage": 0,
        "FiveStarPercentage": 0
      },
      "HasProductSubs": false,
      "IsSponsoredAd": false,
      "AdID": null,
      "AdIndex": null,
      "AdStatus": null,
      "IsMarketProduct": false,
      "IsGiftable": false,
      "Vendor": null,
      "Untraceable": false,
      "ThirdPartyProductInfo": null,
      "MarketFeatures": null,
      "MarketSpecifications": null,
      "SupplyLimitSource": "ProductLimit",
      "Tags": null,
      "IsPersonalisedByPurchaseHistory": false,
      "IsFromFacetedSearch": false,
      "NextAvailabilityDate": null,
      "NumberOfSubstitutes": 2,
      "IsPrimaryVariant": false,
      "VariantGroupId": 0,
      "HasVariants": false,
      "VariantTitle": null,
      "IsTobacco": false,
      "IsB2BExtendedRangeSapCategory": false
    }
  },
  {
    "timestamp": "2024-07-09T11:35:23.858Z",
    "status": "success",
    "productURL": "https://www.woolworths.com.au/shop/productdetails/198678/always-fresh-dolmades",
    "product": {
      "TileID": 0,
      "Stockcode": 198678,
      "Barcode": "9300602357658",
      "GtinFormat": 13,
      "CupPrice": 20.71,
      "InstoreCupPrice": 20.71,
      "CupMeasure": "1KG",
      "CupString": "$20.71 / 1KG",
      "InstoreCupString": "$20.71 / 1KG",
      "HasCupPrice": true,
      "InstoreHasCupPrice": true,
      "Price": 5.8,
      "InstorePrice": 5.8,
      "Name": "Always Fresh Dolmades",
      "DisplayName": "Always Fresh Dolmades 280g",
      "UrlFriendlyName": "always-fresh-dolmades",
      "Description": " Always Fresh Dolmades  280G",
      "SmallImageFile": "https://cdn0.woolworths.media/content/wowproductimages/small/198678.jpg",
      "MediumImageFile": "https://cdn0.woolworths.media/content/wowproductimages/medium/198678.jpg",
      "LargeImageFile": "https://cdn0.woolworths.media/content/wowproductimages/large/198678.jpg",
      "IsNew": false,
      "IsHalfPrice": false,
      "IsOnlineOnly": false,
      "IsOnSpecial": false,
      "InstoreIsOnSpecial": false,
      "IsEdrSpecial": false,
      "SavingsAmount": 0,
      "InstoreSavingsAmount": 0,
      "WasPrice": 5.8,
      "InstoreWasPrice": 5.8,
      "QuantityInTrolley": 0,
      "Unit": "Each",
      "MinimumQuantity": 1,
      "HasBeenBoughtBefore": false,
      "IsInTrolley": false,
      "Source": "ProductDetail",
      "SupplyLimit": 16,
      "ProductLimit": 36,
      "MaxSupplyLimitMessage": "16 item(s) left",
      "IsRanged": true,
      "IsInStock": true,
      "PackageSize": "280G",
      "IsPmDelivery": false,
      "IsForCollection": true,
      "IsForDelivery": true,
      "IsForExpress": true,
      "ProductRestrictionMessage": null,
      "ProductWarningMessage": null,
      "CentreTag": {
        "TagContent": null,
        "TagLink": null,
        "FallbackText": null,
        "TagType": "None",
        "MultibuyData": null,
        "MemberPriceData": null,
        "TagContentText": null,
        "DualImageTagContent": null,
        "PromotionType": "NOT_SET",
        "IsRegisteredRewardCardPromotion": false
      },
      "IsCentreTag": false,
      "ImageTag": {
        "TagContent": null,
        "TagLink": null,
        "FallbackText": "",
        "TagType": "None",
        "MultibuyData": null,
        "MemberPriceData": null,
        "TagContentText": null,
        "DualImageTagContent": null,
        "PromotionType": "NOT_SET",
        "IsRegisteredRewardCardPromotion": false
      },
      "HeaderTag": null,
      "HasHeaderTag": false,
      "UnitWeightInGrams": 280,
      "SupplyLimitMessage": "'Always Fresh Dolmades' has a supply limit of 16. The quantity in your cart has been reduced accordingly. To purchase a larger quantity, please contact us on 1800 000 610. Please note we do not supply trade orders.",
      "SmallFormatDescription": "Always Fresh Dolmades ",
      "FullDescription": "Always Fresh Dolmades ",
      "IsAvailable": true,
      "InstoreIsAvailable": true,
      "IsPurchasable": true,
      "InstoreIsPurchasable": true,
      "AgeRestricted": false,
      "DisplayQuantity": 1,
      "RichDescription": "<p>Always Fresh Dolmades are delicate parcels prepared with tender vine leaves, quality rice and selected herbs and spices.</p>",
      "HideWasSavedPrice": false,
      "SapCategories": {
        "SapDepartmentName": "GROCERIES",
        "SapCategoryName": "CONDIMENTS",
        "SapSubCategoryName": "RELISHES & PICKLES",
        "SapSegmentName": "PICKLED VEGETABLES"
      },
      "Brand": "Always Fresh",
      "IsRestrictedByDeliveryMethod": false,
      "FooterTag": {
        "TagContent": null,
        "TagLink": null,
        "FallbackText": null,
        "TagType": "None",
        "MultibuyData": null,
        "MemberPriceData": null,
        "TagContentText": null,
        "DualImageTagContent": null,
        "PromotionType": "NOT_SET",
        "IsRegisteredRewardCardPromotion": false
      },
      "IsFooterEnabled": false,
      "Diagnostics": "0",
      "IsBundle": false,
      "IsInFamily": false,
      "ChildProducts": [],
      "UrlOverride": null,
      "AdditionalAttributes": {
        "boxedcontents": null,
        "addedvitaminsandminerals": "False",
        "sapdepartmentname": "GROCERIES",
        "spf": null,
        "haircolour": null,
        "lifestyleanddietarystatement": "Low Sugar",
        "sapcategoryname": "CONDIMENTS",
        "skintype": null,
        "importantinformation": null,
        "allergystatement": "Wheat Free",
        "productdepthmm": null,
        "skincondition": null,
        "ophthalmologistapproved": null,
        "healthstarrating": null,
        "hairtype": null,
        "fragrance-free": null,
        "sapsegmentname": "PICKLED VEGETABLES",
        "suitablefor": null,
        "PiesProductDepartmentsjson": "[{\"Id\":\"1_39FD49C\",\"Description\":\"Pantry\"}]",
        "piessubcategorynamesjson": "[\"Chutney & Relish\",\"Pickled Vegetables\"]",
        "sapsegmentno": "2",
        "productwidthmm": null,
        "contains": null,
        "sapsubcategoryname": "RELISHES & PICKLES",
        "dermatologisttested": null,
        "wool_productpackaging": null,
        "dermatologicallyapproved": null,
        "specialsgroupid": null,
        "productimages": "198678.jpg",
        "productheightmm": null,
        "r&r_hidereviews": null,
        "microwavesafe": "False",
        "paba-free": null,
        "lifestyleclaim": null,
        "alcoholfree": null,
        "tgawarning": null,
        "activeconstituents": null,
        "microwaveable": "False",
        "soap-free": null,
        "countryoforigin": null,
        "isexcludedfromsubstitution": "False",
        "productimagecount": "1",
        "r&r_loggedinreviews": null,
        "anti-dandruff": null,
        "servingsize-total-nip": null,
        "tgahealthwarninglink": null,
        "allergenmaybepresent": null,
        "PiesProductDepartmentNodeId": "1_39FD49C",
        "parabenfree": "False",
        "vendorarticleid": null,
        "containsgluten": "False",
        "containsnuts": "False",
        "ingredients": "Dolmades 85% (Cooked Rice, Vine Leaves, Soybean Oil, Onion, Salt, Herbs, Spices), Water, Salt, Food Acid (330).",
        "colour": null,
        "manufacturer": null,
        "sapcategoryno": "81",
        "storageinstructions": "Refrigerate after opening.",
        "tgawarnings": null,
        "piesdepartmentnamesjson": "[\"Pantry\"]",
        "brand": "always fresh",
        "oilfree": null,
        "fragrance": null,
        "antibacterial": "False",
        "non-comedogenic": null,
        "antiseptic": "False",
        "bpafree": "False",
        "vendorcostprice": null,
        "description": "<p>Always Fresh Dolmades are delicate parcels prepared with tender vine leaves, quality rice and selected herbs and spices.</p>",
        "sweatresistant": null,
        "sapsubcategoryno": "162",
        "antioxidant": "False",
        "claims": null,
        "phbalanced": null,
        "wool_dietaryclaim": null,
        "ophthalmologisttested": null,
        "sulfatefree": "False",
        "servingsperpack-total-nip": null,
        "piescategorynamesjson": "[\"Condiments\"]",
        "nutritionalinformation": "{\"Name\":\"Nutritional Information\",\"Attributes\":[{\"Id\":702,\"Name\":\"Calcium Quantity Per 100g - Total - NIP\",\"Value\":\"59mg\",\"Description\":\"Calcium Quantity Per 100g - Total - NIP\",\"SortOrder\":71},{\"Id\":47,\"Name\":\"Calcium Quantity Per Serve - Total - NIP\",\"Value\":\"35.4mg\",\"Description\":\"Calcium Quantity Per Serve - Total - NIP\",\"SortOrder\":75},{\"Id\":705,\"Name\":\"Carbohydrate Quantity Per 100g - Total - NIP\",\"Value\":\"18.1g\",\"Description\":\"Carbohydrate Quantity Per 100g - Total - NIP\",\"SortOrder\":83},{\"Id\":706,\"Name\":\"Carbohydrate Quantity Per Serve - Total - NIP\",\"Value\":\"10.9g\",\"Description\":\"Carbohydrate Quantity Per Serve - Total - NIP\",\"SortOrder\":87},{\"Id\":191,\"Name\":\"Dietary Fibre Quantity Per 100g - Total - NIP\",\"Value\":\"2.8g\",\"Description\":\"Dietary Fibre Quantity Per 100g - Total - NIP\",\"SortOrder\":175},{\"Id\":120,\"Name\":\"Dietary Fibre Quantity Per Serve - Total - NIP\",\"Value\":\"1.68g\",\"Description\":\"Dietary Fibre Quantity Per Serve - Total - NIP\",\"SortOrder\":179},{\"Id\":759,\"Name\":\"Energy kJ Quantity Per 100g - Total - NIP\",\"Value\":\"654kJ\",\"Description\":\"Energy kJ Quantity Per 100g - Total - NIP\",\"SortOrder\":239},{\"Id\":760,\"Name\":\"Energy kJ Quantity Per Serve - Total - NIP\",\"Value\":\"392kJ\",\"Description\":\"Energy kJ Quantity Per Serve - Total - NIP\",\"SortOrder\":243},{\"Id\":253,\"Name\":\"Fat Saturated Quantity Per 100g - Total - NIP\",\"Value\":\"1.5g\",\"Description\":\"Fat Saturated Quantity Per 100g - Total - NIP\",\"SortOrder\":251},{\"Id\":258,\"Name\":\"Fat Saturated Quantity Per Serve - Total - NIP\",\"Value\":\"0.9g\",\"Description\":\"Fat Saturated Quantity Per Serve - Total - NIP\",\"SortOrder\":255},{\"Id\":764,\"Name\":\"Fat Total Quantity Per 100g - Total - NIP\",\"Value\":\"7.7g\",\"Description\":\"Fat Total Quantity Per 100g - Total - NIP\",\"SortOrder\":263},{\"Id\":166,\"Name\":\"Fat Total Quantity Per 100g - ValueWord - NIP\",\"Value\":\"7.7\",\"Description\":\"Fat Total Quantity Per 100g - ValueWord - NIP\",\"SortOrder\":264},{\"Id\":264,\"Name\":\"Fat Total Quantity Per Serve - Total - NIP\",\"Value\":\"4.6g\",\"Description\":\"Fat Total Quantity Per Serve - Total - NIP\",\"SortOrder\":267},{\"Id\":402,\"Name\":\"Monounsaturated Quantity Per 100g - Total - NIP\",\"Value\":\"4.4g\",\"Description\":\"Monounsaturated Quantity Per 100g - Total - NIP\",\"SortOrder\":479},{\"Id\":834,\"Name\":\"Monounsaturated Quantity Per Serve - Total - NIP\",\"Value\":\"2.64g\",\"Description\":\"Monounsaturated Quantity Per Serve - Total - NIP\",\"SortOrder\":483},{\"Id\":434,\"Name\":\"Polyunsaturated Quantity Per 100g - Total - NIP\",\"Value\":\"2.23g\",\"Description\":\"Polyunsaturated Quantity Per 100g - Total - NIP\",\"SortOrder\":563},{\"Id\":435,\"Name\":\"Polyunsaturated Quantity Per Serve - Total - NIP\",\"Value\":\"1.34g\",\"Description\":\"Polyunsaturated Quantity Per Serve - Total - NIP\",\"SortOrder\":567},{\"Id\":443,\"Name\":\"Potassium Quantity Per 100g - Total - NIP\",\"Value\":\"86mg\",\"Description\":\"Potassium Quantity Per 100g - Total - NIP\",\"SortOrder\":575},{\"Id\":493,\"Name\":\"Potassium Quantity Per Serve - Total - NIP\",\"Value\":\"51.6mg\",\"Description\":\"Potassium Quantity Per Serve - Total - NIP\",\"SortOrder\":579},{\"Id\":878,\"Name\":\"Protein Quantity Per 100g - Total - NIP\",\"Value\":\"2.5g\",\"Description\":\"Protein Quantity Per 100g - Total - NIP\",\"SortOrder\":587},{\"Id\":882,\"Name\":\"Protein Quantity Per Serve - Total - NIP\",\"Value\":\"1.5g\",\"Description\":\"Protein Quantity Per Serve - Total - NIP\",\"SortOrder\":591},{\"Id\":477,\"Name\":\"Serving Size - Total - NIP\",\"Value\":\"60g\",\"Description\":\"Serving Size - Total - NIP\",\"SortOrder\":607},{\"Id\":544,\"Name\":\"Servings Per Pack - Total - NIP\",\"Value\":\"4\",\"Description\":\"Servings Per Pack - Total - NIP\",\"SortOrder\":611},{\"Id\":491,\"Name\":\"Sodium Quantity Per 100g - Total - NIP\",\"Value\":\"540mg\",\"Description\":\"Sodium Quantity Per 100g - Total - NIP\",\"SortOrder\":623},{\"Id\":495,\"Name\":\"Sodium Quantity Per Serve - Total - NIP\",\"Value\":\"324mg\",\"Description\":\"Sodium Quantity Per Serve - Total - NIP\",\"SortOrder\":627},{\"Id\":907,\"Name\":\"Sugars Quantity Per 100g - Prefix - NIP\",\"Value\":null,\"Description\":\"Sugars Quantity Per 100g - Prefix - NIP\",\"SortOrder\":645},{\"Id\":908,\"Name\":\"Sugars Quantity Per 100g - SuffixUnits - NIP\",\"Value\":\"g\",\"Description\":\"Sugars Quantity Per 100g - SuffixUnits - NIP\",\"SortOrder\":646},{\"Id\":909,\"Name\":\"Sugars Quantity Per 100g - Total - NIP\",\"Value\":\"1.6g\",\"Description\":\"Sugars Quantity Per 100g - Total - NIP\",\"SortOrder\":647},{\"Id\":910,\"Name\":\"Sugars Quantity Per 100g - ValueWord - NIP\",\"Value\":\"1.6\",\"Description\":\"Sugars Quantity Per 100g - ValueWord - NIP\",\"SortOrder\":648},{\"Id\":504,\"Name\":\"Sugars Quantity Per Serve - Prefix - NIP\",\"Value\":null,\"Description\":\"Sugars Quantity Per Serve - Prefix - NIP\",\"SortOrder\":649},{\"Id\":911,\"Name\":\"Sugars Quantity Per Serve - SuffixUnits - NIP\",\"Value\":\"g\",\"Description\":\"Sugars Quantity Per Serve - SuffixUnits - NIP\",\"SortOrder\":650},{\"Id\":912,\"Name\":\"Sugars Quantity Per Serve - Total - NIP\",\"Value\":\"1.0g\",\"Description\":\"Sugars Quantity Per Serve - Total - NIP\",\"SortOrder\":651},{\"Id\":572,\"Name\":\"Sugars Quantity Per Serve - ValueWord - NIP\",\"Value\":\"1.0\",\"Description\":\"Sugars Quantity Per Serve - ValueWord - NIP\",\"SortOrder\":652},{\"Id\":593,\"Name\":\"Trans Quantity Per 100g - Total - NIP\",\"Value\":\"47.8mg\",\"Description\":\"Trans Quantity Per 100g - Total - NIP\",\"SortOrder\":667},{\"Id\":510,\"Name\":\"Trans Quantity Per Serve - Total - NIP\",\"Value\":\"28.68mg\",\"Description\":\"Trans Quantity Per Serve - Total - NIP\",\"SortOrder\":671}]}",
        "ovencook": "False",
        "vegetarian": "False",
        "hypo-allergenic": null,
        "timer": null,
        "dermatologistrecommended": null,
        "sapdepartmentno": "5",
        "allergencontains": "Soy, Soybean",
        "waterresistant": null,
        "friendlydisclaimer": null,
        "recyclableinformation": null,
        "usageinstructions": null,
        "freezable": "False"
      },
      "DetailsImagePaths": [
        "https://cdn0.woolworths.media/content/wowproductimages/large/198678.jpg"
      ],
      "Variety": null,
      "Rating": {
        "ReviewCount": 0,
        "RatingCount": 0,
        "RatingSum": 0,
        "OneStarCount": 0,
        "TwoStarCount": 0,
        "ThreeStarCount": 0,
        "FourStarCount": 0,
        "FiveStarCount": 0,
        "Average": 0,
        "OneStarPercentage": 0,
        "TwoStarPercentage": 0,
        "ThreeStarPercentage": 0,
        "FourStarPercentage": 0,
        "FiveStarPercentage": 0
      },
      "HasProductSubs": false,
      "IsSponsoredAd": false,
      "AdID": null,
      "AdIndex": null,
      "AdStatus": null,
      "IsMarketProduct": false,
      "IsGiftable": false,
      "Vendor": null,
      "Untraceable": false,
      "ThirdPartyProductInfo": null,
      "MarketFeatures": null,
      "MarketSpecifications": null,
      "SupplyLimitSource": "StockQuantity",
      "Tags": null,
      "IsPersonalisedByPurchaseHistory": false,
      "IsFromFacetedSearch": false,
      "NextAvailabilityDate": "2024-07-11T00:00:00.0000000Z",
      "NumberOfSubstitutes": 0,
      "IsPrimaryVariant": false,
      "VariantGroupId": 0,
      "HasVariants": false,
      "VariantTitle": null,
      "IsTobacco": false,
      "IsB2BExtendedRangeSapCategory": false
    }
  },
  {
    "timestamp": "2024-07-09T11:35:24.251Z",
    "status": "success",
    "productURL": "https://www.woolworths.com.au/shop/productdetails/486804/always-fresh-flatbread-crackers-sun-dried-tomato-olive",
    "product": {
      "TileID": 0,
      "Stockcode": 486804,
      "Barcode": "9300602384517",
      "GtinFormat": 13,
      "CupPrice": 4.5,
      "InstoreCupPrice": 4.5,
      "CupMeasure": "100G",
      "CupString": "$4.50 / 100G",
      "InstoreCupString": "$4.50 / 100G",
      "HasCupPrice": true,
      "InstoreHasCupPrice": true,
      "Price": 4.5,
      "InstorePrice": 4.5,
      "Name": "Always Fresh Flatbread Crackers Sun-dried Tomato & Olive",
      "DisplayName": "Always Fresh Flatbread Crackers Sun-dried Tomato & Olive 100g",
      "UrlFriendlyName": "always-fresh-flatbread-crackers-sun-dried-tomato-olive",
      "Description": " Always Fresh Flatbread<br>Crackers Sun-dried... 100g",
      "SmallImageFile": "https://cdn0.woolworths.media/content/wowproductimages/small/486804.jpg",
      "MediumImageFile": "https://cdn0.woolworths.media/content/wowproductimages/medium/486804.jpg",
      "LargeImageFile": "https://cdn0.woolworths.media/content/wowproductimages/large/486804.jpg",
      "IsNew": false,
      "IsHalfPrice": false,
      "IsOnlineOnly": false,
      "IsOnSpecial": false,
      "InstoreIsOnSpecial": false,
      "IsEdrSpecial": false,
      "SavingsAmount": 0,
      "InstoreSavingsAmount": 0,
      "WasPrice": 4.5,
      "InstoreWasPrice": 4.5,
      "QuantityInTrolley": 0,
      "Unit": "Each",
      "MinimumQuantity": 1,
      "HasBeenBoughtBefore": false,
      "IsInTrolley": false,
      "Source": "ProductDetail",
      "SupplyLimit": 8,
      "ProductLimit": 36,
      "MaxSupplyLimitMessage": "8 item(s) left",
      "IsRanged": true,
      "IsInStock": true,
      "PackageSize": "100g",
      "IsPmDelivery": false,
      "IsForCollection": true,
      "IsForDelivery": true,
      "IsForExpress": true,
      "ProductRestrictionMessage": null,
      "ProductWarningMessage": null,
      "CentreTag": {
        "TagContent": null,
        "TagLink": null,
        "FallbackText": null,
        "TagType": "None",
        "MultibuyData": null,
        "MemberPriceData": null,
        "TagContentText": null,
        "DualImageTagContent": null,
        "PromotionType": "NOT_SET",
        "IsRegisteredRewardCardPromotion": false
      },
      "IsCentreTag": false,
      "ImageTag": {
        "TagContent": null,
        "TagLink": null,
        "FallbackText": "",
        "TagType": "None",
        "MultibuyData": null,
        "MemberPriceData": null,
        "TagContentText": null,
        "DualImageTagContent": null,
        "PromotionType": "NOT_SET",
        "IsRegisteredRewardCardPromotion": false
      },
      "HeaderTag": null,
      "HasHeaderTag": false,
      "UnitWeightInGrams": 147,
      "SupplyLimitMessage": "'Always Fresh Flatbread Crackers Sun-dried Tomato & Olive' has a supply limit of 8. The quantity in your cart has been reduced accordingly. To purchase a larger quantity, please contact us on 1800 000 610. Please note we do not supply trade orders.",
      "SmallFormatDescription": "Always Fresh Flatbread Crackers Sun-dried Tomato & Olive",
      "FullDescription": "Always Fresh Flatbread Crackers Sun-dried Tomato & Olive",
      "IsAvailable": true,
      "InstoreIsAvailable": true,
      "IsPurchasable": true,
      "InstoreIsPurchasable": true,
      "AgeRestricted": false,
      "DisplayQuantity": 1,
      "RichDescription": null,
      "HideWasSavedPrice": false,
      "SapCategories": {
        "SapDepartmentName": "GROCERIES",
        "SapCategoryName": "BISCUITS",
        "SapSubCategoryName": "BISCUITS - SAVOURY",
        "SapSegmentName": "ENTERTAINING"
      },
      "Brand": "Always Fresh",
      "IsRestrictedByDeliveryMethod": false,
      "FooterTag": {
        "TagContent": null,
        "TagLink": null,
        "FallbackText": null,
        "TagType": "None",
        "MultibuyData": null,
        "MemberPriceData": null,
        "TagContentText": null,
        "DualImageTagContent": null,
        "PromotionType": "NOT_SET",
        "IsRegisteredRewardCardPromotion": false
      },
      "IsFooterEnabled": false,
      "Diagnostics": "0",
      "IsBundle": false,
      "IsInFamily": false,
      "ChildProducts": [],
      "UrlOverride": null,
      "AdditionalAttributes": {
        "boxedcontents": null,
        "addedvitaminsandminerals": "False",
        "sapdepartmentname": "GROCERIES",
        "spf": null,
        "haircolour": null,
        "lifestyleanddietarystatement": "Vegan",
        "sapcategoryname": "BISCUITS",
        "skintype": null,
        "importantinformation": null,
        "allergystatement": "Fish Free",
        "productdepthmm": null,
        "skincondition": null,
        "ophthalmologistapproved": null,
        "healthstarrating": null,
        "hairtype": null,
        "fragrance-free": null,
        "sapsegmentname": "ENTERTAINING",
        "suitablefor": null,
        "PiesProductDepartmentsjson": "[{\"Id\":\"1_717445A\",\"Description\":\"Snacks & Confectionery\"}]",
        "piessubcategorynamesjson": "[\"Biscuits & Cookies\",\"Crackers\"]",
        "sapsegmentno": "2",
        "productwidthmm": null,
        "contains": null,
        "sapsubcategoryname": "BISCUITS - SAVOURY",
        "dermatologisttested": null,
        "wool_productpackaging": null,
        "dermatologicallyapproved": null,
        "specialsgroupid": null,
        "productimages": "486804.jpg,486804_1.jpg,486804_2.jpg,486804_3.jpg,486804_4.jpg",
        "productheightmm": null,
        "r&r_hidereviews": null,
        "microwavesafe": "False",
        "paba-free": null,
        "lifestyleclaim": null,
        "alcoholfree": null,
        "tgawarning": null,
        "activeconstituents": null,
        "microwaveable": "False",
        "soap-free": null,
        "countryoforigin": null,
        "isexcludedfromsubstitution": "False",
        "productimagecount": "5",
        "r&r_loggedinreviews": null,
        "anti-dandruff": null,
        "servingsize-total-nip": null,
        "tgahealthwarninglink": null,
        "allergenmaybepresent": "Milk, Sesame, Almond, Egg, HazelNut, Soy",
        "PiesProductDepartmentNodeId": "1_717445A",
        "parabenfree": "False",
        "vendorarticleid": null,
        "containsgluten": "False",
        "containsnuts": "False",
        "ingredients": "Wheat Flour, Sundried Tomatoes (7%), Black Olives (6%), Extra Virgin Olive Oil, Yeast, Salt, Malted Cereal Flour (Barley, Wheat), Sugar",
        "colour": null,
        "manufacturer": null,
        "sapcategoryno": "53",
        "storageinstructions": "After opening transfer contents to a clean dry airtight container and store away from direct sunlight.",
        "tgawarnings": null,
        "piesdepartmentnamesjson": "[\"Snacks & Confectionery\"]",
        "brand": "always fresh",
        "oilfree": null,
        "fragrance": null,
        "antibacterial": "False",
        "non-comedogenic": null,
        "antiseptic": "False",
        "bpafree": "False",
        "vendorcostprice": null,
        "description": null,
        "sweatresistant": null,
        "sapsubcategoryno": "158",
        "antioxidant": "False",
        "claims": null,
        "phbalanced": null,
        "wool_dietaryclaim": null,
        "ophthalmologisttested": null,
        "sulfatefree": "False",
        "servingsperpack-total-nip": null,
        "piescategorynamesjson": "[\"Biscuits & Crackers\"]",
        "nutritionalinformation": "{\"Name\":\"Nutritional Information\",\"Attributes\":[{\"Id\":705,\"Name\":\"Carbohydrate Quantity Per 100g - Total - NIP\",\"Value\":\"67.60g\",\"Description\":\"Carbohydrate Quantity Per 100g - Total - NIP\",\"SortOrder\":83},{\"Id\":706,\"Name\":\"Carbohydrate Quantity Per Serve - Total - NIP\",\"Value\":\"13.50g\",\"Description\":\"Carbohydrate Quantity Per Serve - Total - NIP\",\"SortOrder\":87},{\"Id\":759,\"Name\":\"Energy kJ Quantity Per 100g - Total - NIP\",\"Value\":\"1690.00kJ\",\"Description\":\"Energy kJ Quantity Per 100g - Total - NIP\",\"SortOrder\":239},{\"Id\":760,\"Name\":\"Energy kJ Quantity Per Serve - Total - NIP\",\"Value\":\"338.00kJ\",\"Description\":\"Energy kJ Quantity Per Serve - Total - NIP\",\"SortOrder\":243},{\"Id\":253,\"Name\":\"Fat Saturated Quantity Per 100g - Total - NIP\",\"Value\":\"1.10g\",\"Description\":\"Fat Saturated Quantity Per 100g - Total - NIP\",\"SortOrder\":251},{\"Id\":258,\"Name\":\"Fat Saturated Quantity Per Serve - Total - NIP\",\"Value\":\"0.20g\",\"Description\":\"Fat Saturated Quantity Per Serve - Total - NIP\",\"SortOrder\":255},{\"Id\":764,\"Name\":\"Fat Total Quantity Per 100g - Total - NIP\",\"Value\":\"7.60g\",\"Description\":\"Fat Total Quantity Per 100g - Total - NIP\",\"SortOrder\":263},{\"Id\":166,\"Name\":\"Fat Total Quantity Per 100g - ValueWord - NIP\",\"Value\":\"7.60\",\"Description\":\"Fat Total Quantity Per 100g - ValueWord - NIP\",\"SortOrder\":264},{\"Id\":264,\"Name\":\"Fat Total Quantity Per Serve - Total - NIP\",\"Value\":\"1.50g\",\"Description\":\"Fat Total Quantity Per Serve - Total - NIP\",\"SortOrder\":267},{\"Id\":878,\"Name\":\"Protein Quantity Per 100g - Total - NIP\",\"Value\":\"13.10g\",\"Description\":\"Protein Quantity Per 100g - Total - NIP\",\"SortOrder\":587},{\"Id\":882,\"Name\":\"Protein Quantity Per Serve - Total - NIP\",\"Value\":\"2.60g\",\"Description\":\"Protein Quantity Per Serve - Total - NIP\",\"SortOrder\":591},{\"Id\":477,\"Name\":\"Serving Size - Total - NIP\",\"Value\":\"20.00g\",\"Description\":\"Serving Size - Total - NIP\",\"SortOrder\":607},{\"Id\":544,\"Name\":\"Servings Per Pack - Total - NIP\",\"Value\":\"5.00\",\"Description\":\"Servings Per Pack - Total - NIP\",\"SortOrder\":611},{\"Id\":491,\"Name\":\"Sodium Quantity Per 100g - Total - NIP\",\"Value\":\"1120.00mg\",\"Description\":\"Sodium Quantity Per 100g - Total - NIP\",\"SortOrder\":623},{\"Id\":495,\"Name\":\"Sodium Quantity Per Serve - Total - NIP\",\"Value\":\"224.00mg\",\"Description\":\"Sodium Quantity Per Serve - Total - NIP\",\"SortOrder\":627},{\"Id\":908,\"Name\":\"Sugars Quantity Per 100g - SuffixUnits - NIP\",\"Value\":\"g\",\"Description\":\"Sugars Quantity Per 100g - SuffixUnits - NIP\",\"SortOrder\":646},{\"Id\":909,\"Name\":\"Sugars Quantity Per 100g - Total - NIP\",\"Value\":\"67.60g\",\"Description\":\"Sugars Quantity Per 100g - Total - NIP\",\"SortOrder\":647},{\"Id\":910,\"Name\":\"Sugars Quantity Per 100g - ValueWord - NIP\",\"Value\":\"67.60\",\"Description\":\"Sugars Quantity Per 100g - ValueWord - NIP\",\"SortOrder\":648},{\"Id\":911,\"Name\":\"Sugars Quantity Per Serve - SuffixUnits - NIP\",\"Value\":\"g\",\"Description\":\"Sugars Quantity Per Serve - SuffixUnits - NIP\",\"SortOrder\":650},{\"Id\":912,\"Name\":\"Sugars Quantity Per Serve - Total - NIP\",\"Value\":\"13.50g\",\"Description\":\"Sugars Quantity Per Serve - Total - NIP\",\"SortOrder\":651},{\"Id\":572,\"Name\":\"Sugars Quantity Per Serve - ValueWord - NIP\",\"Value\":\"13.50\",\"Description\":\"Sugars Quantity Per Serve - ValueWord - NIP\",\"SortOrder\":652}]}",
        "ovencook": "False",
        "vegetarian": "False",
        "hypo-allergenic": null,
        "timer": null,
        "dermatologistrecommended": null,
        "sapdepartmentno": "5",
        "allergencontains": "Gluten, Wheat",
        "waterresistant": null,
        "friendlydisclaimer": null,
        "recyclableinformation": null,
        "usageinstructions": null,
        "freezable": "False"
      },
      "DetailsImagePaths": [
        "https://cdn0.woolworths.media/content/wowproductimages/large/486804.jpg",
        "https://cdn0.woolworths.media/content/wowproductimages/large/486804_1.jpg",
        "https://cdn0.woolworths.media/content/wowproductimages/large/486804_2.jpg",
        "https://cdn0.woolworths.media/content/wowproductimages/large/486804_3.jpg",
        "https://cdn0.woolworths.media/content/wowproductimages/large/486804_4.jpg"
      ],
      "Variety": "Tomato & Olive",
      "Rating": {
        "ReviewCount": 0,
        "RatingCount": 0,
        "RatingSum": 0,
        "OneStarCount": 0,
        "TwoStarCount": 0,
        "ThreeStarCount": 0,
        "FourStarCount": 0,
        "FiveStarCount": 0,
        "Average": 0,
        "OneStarPercentage": 0,
        "TwoStarPercentage": 0,
        "ThreeStarPercentage": 0,
        "FourStarPercentage": 0,
        "FiveStarPercentage": 0
      },
      "HasProductSubs": false,
      "IsSponsoredAd": false,
      "AdID": null,
      "AdIndex": null,
      "AdStatus": null,
      "IsMarketProduct": false,
      "IsGiftable": false,
      "Vendor": null,
      "Untraceable": false,
      "ThirdPartyProductInfo": null,
      "MarketFeatures": null,
      "MarketSpecifications": null,
      "SupplyLimitSource": "StockQuantity",
      "Tags": null,
      "IsPersonalisedByPurchaseHistory": false,
      "IsFromFacetedSearch": false,
      "NextAvailabilityDate": "2024-07-11T00:00:00.0000000Z",
      "NumberOfSubstitutes": 0,
      "IsPrimaryVariant": false,
      "VariantGroupId": 0,
      "HasVariants": false,
      "VariantTitle": null,
      "IsTobacco": false,
      "IsB2BExtendedRangeSapCategory": false
    }
  },
  {
    "timestamp": "2024-07-09T11:35:24.388Z",
    "status": "success",
    "productURL": "https://www.woolworths.com.au/shop/productdetails/691212/always-fresh-garlic-olives",
    "product": {
      "TileID": 0,
      "Stockcode": 691212,
      "Barcode": "9300602366148",
      "GtinFormat": 13,
      "CupPrice": 26.09,
      "InstoreCupPrice": 26.09,
      "CupMeasure": "1KG",
      "CupString": "$26.09 / 1KG",
      "InstoreCupString": "$26.09 / 1KG",
      "HasCupPrice": true,
      "InstoreHasCupPrice": true,
      "Price": 6,
      "InstorePrice": 6,
      "Name": "Always Fresh Garlic Olives",
      "DisplayName": "Always Fresh Garlic Olives 230g",
      "UrlFriendlyName": "always-fresh-garlic-olives",
      "Description": " Always Fresh Garlic Olives  230G",
      "SmallImageFile": "https://cdn0.woolworths.media/content/wowproductimages/small/691212.jpg",
      "MediumImageFile": "https://cdn0.woolworths.media/content/wowproductimages/medium/691212.jpg",
      "LargeImageFile": "https://cdn0.woolworths.media/content/wowproductimages/large/691212.jpg",
      "IsNew": false,
      "IsHalfPrice": false,
      "IsOnlineOnly": false,
      "IsOnSpecial": false,
      "InstoreIsOnSpecial": false,
      "IsEdrSpecial": false,
      "SavingsAmount": 0,
      "InstoreSavingsAmount": 0,
      "WasPrice": 6,
      "InstoreWasPrice": 6,
      "QuantityInTrolley": 0,
      "Unit": "Each",
      "MinimumQuantity": 1,
      "HasBeenBoughtBefore": false,
      "IsInTrolley": false,
      "Source": "ProductDetail",
      "SupplyLimit": 10,
      "ProductLimit": 36,
      "MaxSupplyLimitMessage": "10 item(s) left",
      "IsRanged": true,
      "IsInStock": true,
      "PackageSize": "230G",
      "IsPmDelivery": false,
      "IsForCollection": true,
      "IsForDelivery": true,
      "IsForExpress": true,
      "ProductRestrictionMessage": null,
      "ProductWarningMessage": null,
      "CentreTag": {
        "TagContent": null,
        "TagLink": null,
        "FallbackText": null,
        "TagType": "None",
        "MultibuyData": null,
        "MemberPriceData": null,
        "TagContentText": null,
        "DualImageTagContent": null,
        "PromotionType": "NOT_SET",
        "IsRegisteredRewardCardPromotion": false
      },
      "IsCentreTag": false,
      "ImageTag": {
        "TagContent": null,
        "TagLink": null,
        "FallbackText": "",
        "TagType": "None",
        "MultibuyData": null,
        "MemberPriceData": null,
        "TagContentText": null,
        "DualImageTagContent": null,
        "PromotionType": "NOT_SET",
        "IsRegisteredRewardCardPromotion": false
      },
      "HeaderTag": null,
      "HasHeaderTag": false,
      "UnitWeightInGrams": 402,
      "SupplyLimitMessage": "'Always Fresh Garlic Olives' has a supply limit of 10. The quantity in your cart has been reduced accordingly. To purchase a larger quantity, please contact us on 1800 000 610. Please note we do not supply trade orders.",
      "SmallFormatDescription": "Always Fresh Garlic Olives ",
      "FullDescription": "Always Fresh Garlic Olives ",
      "IsAvailable": true,
      "InstoreIsAvailable": true,
      "IsPurchasable": true,
      "InstoreIsPurchasable": true,
      "AgeRestricted": false,
      "DisplayQuantity": 1,
      "RichDescription": "Plump green Halkidiki olives, stuffed with mild cloves of pickled garlic. Packed in Thessaloniki, Greece.",
      "HideWasSavedPrice": false,
      "SapCategories": {
        "SapDepartmentName": "GROCERIES",
        "SapCategoryName": "CONDIMENTS",
        "SapSubCategoryName": "RELISHES & PICKLES",
        "SapSegmentName": "OLIVES"
      },
      "Brand": "Always Fresh",
      "IsRestrictedByDeliveryMethod": false,
      "FooterTag": {
        "TagContent": null,
        "TagLink": null,
        "FallbackText": null,
        "TagType": "None",
        "MultibuyData": null,
        "MemberPriceData": null,
        "TagContentText": null,
        "DualImageTagContent": null,
        "PromotionType": "NOT_SET",
        "IsRegisteredRewardCardPromotion": false
      },
      "IsFooterEnabled": false,
      "Diagnostics": "0",
      "IsBundle": false,
      "IsInFamily": false,
      "ChildProducts": [],
      "UrlOverride": null,
      "AdditionalAttributes": {
        "boxedcontents": null,
        "addedvitaminsandminerals": "False",
        "sapdepartmentname": "GROCERIES",
        "spf": null,
        "haircolour": null,
        "lifestyleanddietarystatement": "Low Sugar",
        "sapcategoryname": "CONDIMENTS",
        "skintype": null,
        "importantinformation": null,
        "allergystatement": "Wheat Free",
        "productdepthmm": null,
        "skincondition": null,
        "ophthalmologistapproved": null,
        "healthstarrating": null,
        "hairtype": null,
        "fragrance-free": null,
        "sapsegmentname": "OLIVES",
        "suitablefor": "Vegan, Vegetarian",
        "PiesProductDepartmentsjson": "[{\"Id\":\"1_39FD49C\",\"Description\":\"Pantry\"}]",
        "piessubcategorynamesjson": "[\"Pickled Vegetables\"]",
        "sapsegmentno": "6",
        "productwidthmm": null,
        "contains": null,
        "sapsubcategoryname": "RELISHES & PICKLES",
        "dermatologisttested": null,
        "wool_productpackaging": null,
        "dermatologicallyapproved": null,
        "specialsgroupid": null,
        "productimages": "691212.jpg,691212_1.jpg,691212_3.jpg,691212_4.jpg",
        "productheightmm": null,
        "r&r_hidereviews": null,
        "microwavesafe": "False",
        "paba-free": null,
        "lifestyleclaim": "Vegan, Vegetarian",
        "alcoholfree": null,
        "tgawarning": null,
        "activeconstituents": null,
        "microwaveable": "False",
        "soap-free": null,
        "countryoforigin": null,
        "isexcludedfromsubstitution": "False",
        "productimagecount": "4",
        "r&r_loggedinreviews": null,
        "anti-dandruff": null,
        "servingsize-total-nip": null,
        "tgahealthwarninglink": null,
        "allergenmaybepresent": "Tree Nuts, Milk",
        "PiesProductDepartmentNodeId": "1_39FD49C",
        "parabenfree": "False",
        "vendorarticleid": null,
        "containsgluten": "False",
        "containsnuts": "False",
        "ingredients": "Pitted Green Olives (45%) (Olives, Salt, Food Acid (270)), Water, Garlic (8.9%) (Garlic, Salt, Food Acid (330)), Salt, Food Acid (270, 300)",
        "colour": null,
        "manufacturer": null,
        "sapcategoryno": "81",
        "storageinstructions": "Refrigerate after opening. Consume within three weeks of opening.",
        "tgawarnings": null,
        "piesdepartmentnamesjson": "[\"Pantry\"]",
        "brand": "always fresh",
        "oilfree": null,
        "fragrance": null,
        "antibacterial": "False",
        "non-comedogenic": null,
        "antiseptic": "False",
        "bpafree": "False",
        "vendorcostprice": null,
        "description": "Plump green Halkidiki olives, stuffed with mild cloves of pickled garlic. Packed in Thessaloniki, Greece.",
        "sweatresistant": null,
        "sapsubcategoryno": "162",
        "antioxidant": "False",
        "claims": null,
        "phbalanced": null,
        "wool_dietaryclaim": null,
        "ophthalmologisttested": null,
        "sulfatefree": "False",
        "servingsperpack-total-nip": null,
        "piescategorynamesjson": "[\"Condiments\"]",
        "nutritionalinformation": "{\"Name\":\"Nutritional Information\",\"Attributes\":[{\"Id\":705,\"Name\":\"Carbohydrate Quantity Per 100g - Total - NIP\",\"Value\":\"Approx.3.8g\",\"Description\":\"Carbohydrate Quantity Per 100g - Total - NIP\",\"SortOrder\":83},{\"Id\":706,\"Name\":\"Carbohydrate Quantity Per Serve - Total - NIP\",\"Value\":\"Approx.0.8g\",\"Description\":\"Carbohydrate Quantity Per Serve - Total - NIP\",\"SortOrder\":87},{\"Id\":759,\"Name\":\"Energy kJ Quantity Per 100g - Total - NIP\",\"Value\":\"Approx.812kJ\",\"Description\":\"Energy kJ Quantity Per 100g - Total - NIP\",\"SortOrder\":239},{\"Id\":760,\"Name\":\"Energy kJ Quantity Per Serve - Total - NIP\",\"Value\":\"Approx.162kJ\",\"Description\":\"Energy kJ Quantity Per Serve - Total - NIP\",\"SortOrder\":243},{\"Id\":253,\"Name\":\"Fat Saturated Quantity Per 100g - Total - NIP\",\"Value\":\"Approx.2.3g\",\"Description\":\"Fat Saturated Quantity Per 100g - Total - NIP\",\"SortOrder\":251},{\"Id\":258,\"Name\":\"Fat Saturated Quantity Per Serve - Total - NIP\",\"Value\":\"Approx.0.5g\",\"Description\":\"Fat Saturated Quantity Per Serve - Total - NIP\",\"SortOrder\":255},{\"Id\":764,\"Name\":\"Fat Total Quantity Per 100g - Total - NIP\",\"Value\":\"Approx.17.3g\",\"Description\":\"Fat Total Quantity Per 100g - Total - NIP\",\"SortOrder\":263},{\"Id\":166,\"Name\":\"Fat Total Quantity Per 100g - ValueWord - NIP\",\"Value\":\"17.3\",\"Description\":\"Fat Total Quantity Per 100g - ValueWord - NIP\",\"SortOrder\":264},{\"Id\":264,\"Name\":\"Fat Total Quantity Per Serve - Total - NIP\",\"Value\":\"Approx.3.5g\",\"Description\":\"Fat Total Quantity Per Serve - Total - NIP\",\"SortOrder\":267},{\"Id\":878,\"Name\":\"Protein Quantity Per 100g - Total - NIP\",\"Value\":\"Approx.2.7g\",\"Description\":\"Protein Quantity Per 100g - Total - NIP\",\"SortOrder\":587},{\"Id\":882,\"Name\":\"Protein Quantity Per Serve - Total - NIP\",\"Value\":\"Approx.0.6g\",\"Description\":\"Protein Quantity Per Serve - Total - NIP\",\"SortOrder\":591},{\"Id\":477,\"Name\":\"Serving Size - Total - NIP\",\"Value\":\"20g\",\"Description\":\"Serving Size - Total - NIP\",\"SortOrder\":607},{\"Id\":544,\"Name\":\"Servings Per Pack - Total - NIP\",\"Value\":\"6.5\",\"Description\":\"Servings Per Pack - Total - NIP\",\"SortOrder\":611},{\"Id\":491,\"Name\":\"Sodium Quantity Per 100g - Total - NIP\",\"Value\":\"Approx.1620mg\",\"Description\":\"Sodium Quantity Per 100g - Total - NIP\",\"SortOrder\":623},{\"Id\":495,\"Name\":\"Sodium Quantity Per Serve - Total - NIP\",\"Value\":\"Approx.324mg\",\"Description\":\"Sodium Quantity Per Serve - Total - NIP\",\"SortOrder\":627},{\"Id\":907,\"Name\":\"Sugars Quantity Per 100g - Prefix - NIP\",\"Value\":\"Approx. \",\"Description\":\"Sugars Quantity Per 100g - Prefix - NIP\",\"SortOrder\":645},{\"Id\":908,\"Name\":\"Sugars Quantity Per 100g - SuffixUnits - NIP\",\"Value\":\"g\",\"Description\":\"Sugars Quantity Per 100g - SuffixUnits - NIP\",\"SortOrder\":646},{\"Id\":909,\"Name\":\"Sugars Quantity Per 100g - Total - NIP\",\"Value\":\"Approx.0.2g\",\"Description\":\"Sugars Quantity Per 100g - Total - NIP\",\"SortOrder\":647},{\"Id\":910,\"Name\":\"Sugars Quantity Per 100g - ValueWord - NIP\",\"Value\":\"0.2\",\"Description\":\"Sugars Quantity Per 100g - ValueWord - NIP\",\"SortOrder\":648},{\"Id\":504,\"Name\":\"Sugars Quantity Per Serve - Prefix - NIP\",\"Value\":\"Approx. \",\"Description\":\"Sugars Quantity Per Serve - Prefix - NIP\",\"SortOrder\":649},{\"Id\":911,\"Name\":\"Sugars Quantity Per Serve - SuffixUnits - NIP\",\"Value\":\"g\",\"Description\":\"Sugars Quantity Per Serve - SuffixUnits - NIP\",\"SortOrder\":650},{\"Id\":912,\"Name\":\"Sugars Quantity Per Serve - Total - NIP\",\"Value\":\"Approx.0.1g\",\"Description\":\"Sugars Quantity Per Serve - Total - NIP\",\"SortOrder\":651},{\"Id\":572,\"Name\":\"Sugars Quantity Per Serve - ValueWord - NIP\",\"Value\":\"0.1\",\"Description\":\"Sugars Quantity Per Serve - ValueWord - NIP\",\"SortOrder\":652}]}",
        "ovencook": "False",
        "vegetarian": "False",
        "hypo-allergenic": null,
        "timer": null,
        "dermatologistrecommended": null,
        "sapdepartmentno": "5",
        "allergencontains": null,
        "waterresistant": null,
        "friendlydisclaimer": null,
        "recyclableinformation": null,
        "usageinstructions": null,
        "freezable": "False"
      },
      "DetailsImagePaths": [
        "https://cdn0.woolworths.media/content/wowproductimages/large/691212.jpg",
        "https://cdn0.woolworths.media/content/wowproductimages/large/691212_1.jpg",
        "https://cdn0.woolworths.media/content/wowproductimages/large/691212_3.jpg",
        "https://cdn0.woolworths.media/content/wowproductimages/large/691212_4.jpg"
      ],
      "Variety": null,
      "Rating": {
        "ReviewCount": 0,
        "RatingCount": 0,
        "RatingSum": 0,
        "OneStarCount": 0,
        "TwoStarCount": 0,
        "ThreeStarCount": 0,
        "FourStarCount": 0,
        "FiveStarCount": 0,
        "Average": 0,
        "OneStarPercentage": 0,
        "TwoStarPercentage": 0,
        "ThreeStarPercentage": 0,
        "FourStarPercentage": 0,
        "FiveStarPercentage": 0
      },
      "HasProductSubs": false,
      "IsSponsoredAd": false,
      "AdID": null,
      "AdIndex": null,
      "AdStatus": null,
      "IsMarketProduct": false,
      "IsGiftable": false,
      "Vendor": null,
      "Untraceable": false,
      "ThirdPartyProductInfo": null,
      "MarketFeatures": null,
      "MarketSpecifications": null,
      "SupplyLimitSource": "StockQuantity",
      "Tags": null,
      "IsPersonalisedByPurchaseHistory": false,
      "IsFromFacetedSearch": false,
      "NextAvailabilityDate": "2024-07-11T00:00:00.0000000Z",
      "NumberOfSubstitutes": 0,
      "IsPrimaryVariant": false,
      "VariantGroupId": 0,
      "HasVariants": false,
      "VariantTitle": null,
      "IsTobacco": false,
      "IsB2BExtendedRangeSapCategory": false
    }
  },
  {
    "timestamp": "2024-07-09T11:35:24.647Z",
    "status": "success",
    "productURL": "https://www.woolworths.com.au/shop/productdetails/929634/always-fresh-medi-anchovy-fillets",
    "product": {
      "TileID": 0,
      "Stockcode": 929634,
      "Barcode": "9300602365165",
      "GtinFormat": 13,
      "CupPrice": 55,
      "InstoreCupPrice": 55,
      "CupMeasure": "1KG",
      "CupString": "$55.00 / 1KG",
      "InstoreCupString": "$55.00 / 1KG",
      "HasCupPrice": true,
      "InstoreHasCupPrice": true,
      "Price": 5.5,
      "InstorePrice": 5.5,
      "Name": "Always Fresh Medi Anchovy Fillets",
      "DisplayName": "Always Fresh Medi Anchovy Fillets 100g",
      "UrlFriendlyName": "always-fresh-medi-anchovy-fillets",
      "Description": " Always Fresh Medi Anchovy<br>Fillets  100G",
      "SmallImageFile": "https://cdn0.woolworths.media/content/wowproductimages/small/929634.jpg",
      "MediumImageFile": "https://cdn0.woolworths.media/content/wowproductimages/medium/929634.jpg",
      "LargeImageFile": "https://cdn0.woolworths.media/content/wowproductimages/large/929634.jpg",
      "IsNew": false,
      "IsHalfPrice": false,
      "IsOnlineOnly": false,
      "IsOnSpecial": false,
      "InstoreIsOnSpecial": false,
      "IsEdrSpecial": false,
      "SavingsAmount": 0,
      "InstoreSavingsAmount": 0,
      "WasPrice": 5.5,
      "InstoreWasPrice": 5.5,
      "QuantityInTrolley": 0,
      "Unit": "Each",
      "MinimumQuantity": 1,
      "HasBeenBoughtBefore": false,
      "IsInTrolley": false,
      "Source": "ProductDetail",
      "SupplyLimit": 25,
      "ProductLimit": 36,
      "MaxSupplyLimitMessage": "25 item(s) left",
      "IsRanged": true,
      "IsInStock": true,
      "PackageSize": "100G",
      "IsPmDelivery": false,
      "IsForCollection": true,
      "IsForDelivery": true,
      "IsForExpress": true,
      "ProductRestrictionMessage": null,
      "ProductWarningMessage": null,
      "CentreTag": {
        "TagContent": null,
        "TagLink": null,
        "FallbackText": null,
        "TagType": "None",
        "MultibuyData": null,
        "MemberPriceData": null,
        "TagContentText": null,
        "DualImageTagContent": null,
        "PromotionType": "NOT_SET",
        "IsRegisteredRewardCardPromotion": false
      },
      "IsCentreTag": false,
      "ImageTag": {
        "TagContent": null,
        "TagLink": null,
        "FallbackText": "",
        "TagType": "None",
        "MultibuyData": null,
        "MemberPriceData": null,
        "TagContentText": null,
        "DualImageTagContent": null,
        "PromotionType": "NOT_SET",
        "IsRegisteredRewardCardPromotion": false
      },
      "HeaderTag": null,
      "HasHeaderTag": false,
      "UnitWeightInGrams": 213,
      "SupplyLimitMessage": "'Always Fresh Medi Anchovy Fillets' has a supply limit of 25. The quantity in your cart has been reduced accordingly. To purchase a larger quantity, please contact us on 1800 000 610. Please note we do not supply trade orders.",
      "SmallFormatDescription": "Always Fresh Medi Anchovy Fillets ",
      "FullDescription": "Always Fresh Medi Anchovy Fillets ",
      "IsAvailable": true,
      "InstoreIsAvailable": true,
      "IsPurchasable": true,
      "InstoreIsPurchasable": true,
      "AgeRestricted": false,
      "DisplayQuantity": 1,
      "RichDescription": "Always Fresh Anchovy Fillets in extra virgin olive oil hand filleted packed in Mutriku, Spain.",
      "HideWasSavedPrice": false,
      "SapCategories": {
        "SapDepartmentName": "GROCERIES",
        "SapCategoryName": "CANNED FISH",
        "SapSubCategoryName": "CANNED FISH",
        "SapSegmentName": "ANCHOVIES"
      },
      "Brand": "Always Fresh",
      "IsRestrictedByDeliveryMethod": false,
      "FooterTag": {
        "TagContent": null,
        "TagLink": null,
        "FallbackText": null,
        "TagType": "None",
        "MultibuyData": null,
        "MemberPriceData": null,
        "TagContentText": null,
        "DualImageTagContent": null,
        "PromotionType": "NOT_SET",
        "IsRegisteredRewardCardPromotion": false
      },
      "IsFooterEnabled": false,
      "Diagnostics": "0",
      "IsBundle": false,
      "IsInFamily": false,
      "ChildProducts": [],
      "UrlOverride": null,
      "AdditionalAttributes": {
        "boxedcontents": null,
        "addedvitaminsandminerals": "False",
        "sapdepartmentname": "GROCERIES",
        "spf": null,
        "haircolour": null,
        "lifestyleanddietarystatement": "Low Sugar",
        "sapcategoryname": "CANNED FISH",
        "skintype": null,
        "importantinformation": null,
        "allergystatement": "Wheat Free",
        "productdepthmm": null,
        "skincondition": null,
        "ophthalmologistapproved": null,
        "healthstarrating": null,
        "hairtype": null,
        "fragrance-free": null,
        "sapsegmentname": "ANCHOVIES",
        "suitablefor": null,
        "PiesProductDepartmentsjson": "[{\"Id\":\"1_39FD49C\",\"Description\":\"Pantry\"}]",
        "piessubcategorynamesjson": "[\"Canned Salmon & Seafood\"]",
        "sapsegmentno": "14",
        "productwidthmm": null,
        "contains": null,
        "sapsubcategoryname": "CANNED FISH",
        "dermatologisttested": null,
        "wool_productpackaging": null,
        "dermatologicallyapproved": null,
        "specialsgroupid": null,
        "productimages": "929634.jpg",
        "productheightmm": null,
        "r&r_hidereviews": null,
        "microwavesafe": "False",
        "paba-free": null,
        "lifestyleclaim": null,
        "alcoholfree": null,
        "tgawarning": null,
        "activeconstituents": null,
        "microwaveable": "False",
        "soap-free": null,
        "countryoforigin": null,
        "isexcludedfromsubstitution": "False",
        "productimagecount": "1",
        "r&r_loggedinreviews": null,
        "anti-dandruff": null,
        "servingsize-total-nip": null,
        "tgahealthwarninglink": null,
        "allergenmaybepresent": null,
        "PiesProductDepartmentNodeId": "1_39FD49C",
        "parabenfree": "False",
        "vendorarticleid": null,
        "containsgluten": "False",
        "containsnuts": "False",
        "ingredients": "Anchovies (60%), Extra Virgin Olive Oil (40%), Salt.",
        "colour": null,
        "manufacturer": null,
        "sapcategoryno": "84",
        "storageinstructions": "Refrigerate after opening.",
        "tgawarnings": null,
        "piesdepartmentnamesjson": "[\"Pantry\"]",
        "brand": "always fresh",
        "oilfree": null,
        "fragrance": null,
        "antibacterial": "False",
        "non-comedogenic": null,
        "antiseptic": "False",
        "bpafree": "False",
        "vendorcostprice": null,
        "description": "Always Fresh Anchovy Fillets in extra virgin olive oil hand filleted packed in Mutriku, Spain.",
        "sweatresistant": null,
        "sapsubcategoryno": "165",
        "antioxidant": "False",
        "claims": null,
        "phbalanced": null,
        "wool_dietaryclaim": null,
        "ophthalmologisttested": null,
        "sulfatefree": "False",
        "servingsperpack-total-nip": null,
        "piescategorynamesjson": "[\"Canned Food & Instant Meals\"]",
        "nutritionalinformation": "{\"Name\":\"Nutritional Information\",\"Attributes\":[{\"Id\":702,\"Name\":\"Calcium Quantity Per 100g - Total - NIP\",\"Value\":\"167mg\",\"Description\":\"Calcium Quantity Per 100g - Total - NIP\",\"SortOrder\":71},{\"Id\":47,\"Name\":\"Calcium Quantity Per Serve - Total - NIP\",\"Value\":\"16.7mg\",\"Description\":\"Calcium Quantity Per Serve - Total - NIP\",\"SortOrder\":75},{\"Id\":705,\"Name\":\"Carbohydrate Quantity Per 100g - Total - NIP\",\"Value\":\"1.2g\",\"Description\":\"Carbohydrate Quantity Per 100g - Total - NIP\",\"SortOrder\":83},{\"Id\":706,\"Name\":\"Carbohydrate Quantity Per Serve - Total - NIP\",\"Value\":\"0.1g\",\"Description\":\"Carbohydrate Quantity Per Serve - Total - NIP\",\"SortOrder\":87},{\"Id\":714,\"Name\":\"Cholesterol Quantity Per 100g - Total - NIP\",\"Value\":\"77mg\",\"Description\":\"Cholesterol Quantity Per 100g - Total - NIP\",\"SortOrder\":111},{\"Id\":125,\"Name\":\"Cholesterol Quantity Per Serve - Total - NIP\",\"Value\":\"7.7mg\",\"Description\":\"Cholesterol Quantity Per Serve - Total - NIP\",\"SortOrder\":115},{\"Id\":759,\"Name\":\"Energy kJ Quantity Per 100g - Total - NIP\",\"Value\":\"1100kJ\",\"Description\":\"Energy kJ Quantity Per 100g - Total - NIP\",\"SortOrder\":239},{\"Id\":760,\"Name\":\"Energy kJ Quantity Per Serve - Total - NIP\",\"Value\":\"110kJ\",\"Description\":\"Energy kJ Quantity Per Serve - Total - NIP\",\"SortOrder\":243},{\"Id\":253,\"Name\":\"Fat Saturated Quantity Per 100g - Total - NIP\",\"Value\":\"3.9g\",\"Description\":\"Fat Saturated Quantity Per 100g - Total - NIP\",\"SortOrder\":251},{\"Id\":258,\"Name\":\"Fat Saturated Quantity Per Serve - Total - NIP\",\"Value\":\"0.4g\",\"Description\":\"Fat Saturated Quantity Per Serve - Total - NIP\",\"SortOrder\":255},{\"Id\":764,\"Name\":\"Fat Total Quantity Per 100g - Total - NIP\",\"Value\":\"19.0g\",\"Description\":\"Fat Total Quantity Per 100g - Total - NIP\",\"SortOrder\":263},{\"Id\":166,\"Name\":\"Fat Total Quantity Per 100g - ValueWord - NIP\",\"Value\":\"19.0\",\"Description\":\"Fat Total Quantity Per 100g - ValueWord - NIP\",\"SortOrder\":264},{\"Id\":264,\"Name\":\"Fat Total Quantity Per Serve - Total - NIP\",\"Value\":\"1.9g\",\"Description\":\"Fat Total Quantity Per Serve - Total - NIP\",\"SortOrder\":267},{\"Id\":402,\"Name\":\"Monounsaturated Quantity Per 100g - Total - NIP\",\"Value\":\"3.61g\",\"Description\":\"Monounsaturated Quantity Per 100g - Total - NIP\",\"SortOrder\":479},{\"Id\":834,\"Name\":\"Monounsaturated Quantity Per Serve - Total - NIP\",\"Value\":\"0.36g\",\"Description\":\"Monounsaturated Quantity Per Serve - Total - NIP\",\"SortOrder\":483},{\"Id\":434,\"Name\":\"Polyunsaturated Quantity Per 100g - Total - NIP\",\"Value\":\"2.88g\",\"Description\":\"Polyunsaturated Quantity Per 100g - Total - NIP\",\"SortOrder\":563},{\"Id\":435,\"Name\":\"Polyunsaturated Quantity Per Serve - Total - NIP\",\"Value\":\"0.29g\",\"Description\":\"Polyunsaturated Quantity Per Serve - Total - NIP\",\"SortOrder\":567},{\"Id\":443,\"Name\":\"Potassium Quantity Per 100g - Total - NIP\",\"Value\":\"180mg\",\"Description\":\"Potassium Quantity Per 100g - Total - NIP\",\"SortOrder\":575},{\"Id\":493,\"Name\":\"Potassium Quantity Per Serve - Total - NIP\",\"Value\":\"18mg\",\"Description\":\"Potassium Quantity Per Serve - Total - NIP\",\"SortOrder\":579},{\"Id\":878,\"Name\":\"Protein Quantity Per 100g - Total - NIP\",\"Value\":\"22.2g\",\"Description\":\"Protein Quantity Per 100g - Total - NIP\",\"SortOrder\":587},{\"Id\":882,\"Name\":\"Protein Quantity Per Serve - Total - NIP\",\"Value\":\"2.2g\",\"Description\":\"Protein Quantity Per Serve - Total - NIP\",\"SortOrder\":591},{\"Id\":477,\"Name\":\"Serving Size - Total - NIP\",\"Value\":\"10g (of anchovy)\",\"Description\":\"Serving Size - Total - NIP\",\"SortOrder\":607},{\"Id\":544,\"Name\":\"Servings Per Pack - Total - NIP\",\"Value\":\"6\",\"Description\":\"Servings Per Pack - Total - NIP\",\"SortOrder\":611},{\"Id\":491,\"Name\":\"Sodium Quantity Per 100g - Total - NIP\",\"Value\":\"5290mg\",\"Description\":\"Sodium Quantity Per 100g - Total - NIP\",\"SortOrder\":623},{\"Id\":495,\"Name\":\"Sodium Quantity Per Serve - Total - NIP\",\"Value\":\"529mg\",\"Description\":\"Sodium Quantity Per Serve - Total - NIP\",\"SortOrder\":627},{\"Id\":907,\"Name\":\"Sugars Quantity Per 100g - Prefix - NIP\",\"Value\":null,\"Description\":\"Sugars Quantity Per 100g - Prefix - NIP\",\"SortOrder\":645},{\"Id\":908,\"Name\":\"Sugars Quantity Per 100g - SuffixUnits - NIP\",\"Value\":\"g\",\"Description\":\"Sugars Quantity Per 100g - SuffixUnits - NIP\",\"SortOrder\":646},{\"Id\":909,\"Name\":\"Sugars Quantity Per 100g - Total - NIP\",\"Value\":\"0.0g\",\"Description\":\"Sugars Quantity Per 100g - Total - NIP\",\"SortOrder\":647},{\"Id\":910,\"Name\":\"Sugars Quantity Per 100g - ValueWord - NIP\",\"Value\":\"0.0\",\"Description\":\"Sugars Quantity Per 100g - ValueWord - NIP\",\"SortOrder\":648},{\"Id\":504,\"Name\":\"Sugars Quantity Per Serve - Prefix - NIP\",\"Value\":null,\"Description\":\"Sugars Quantity Per Serve - Prefix - NIP\",\"SortOrder\":649},{\"Id\":911,\"Name\":\"Sugars Quantity Per Serve - SuffixUnits - NIP\",\"Value\":\"g\",\"Description\":\"Sugars Quantity Per Serve - SuffixUnits - NIP\",\"SortOrder\":650},{\"Id\":912,\"Name\":\"Sugars Quantity Per Serve - Total - NIP\",\"Value\":\"0.0g\",\"Description\":\"Sugars Quantity Per Serve - Total - NIP\",\"SortOrder\":651},{\"Id\":572,\"Name\":\"Sugars Quantity Per Serve - ValueWord - NIP\",\"Value\":\"0.0\",\"Description\":\"Sugars Quantity Per Serve - ValueWord - NIP\",\"SortOrder\":652},{\"Id\":593,\"Name\":\"Trans Quantity Per 100g - Total - NIP\",\"Value\":\"170.79mg\",\"Description\":\"Trans Quantity Per 100g - Total - NIP\",\"SortOrder\":667},{\"Id\":510,\"Name\":\"Trans Quantity Per Serve - Total - NIP\",\"Value\":\"17.08mg\",\"Description\":\"Trans Quantity Per Serve - Total - NIP\",\"SortOrder\":671}]}",
        "ovencook": "False",
        "vegetarian": "False",
        "hypo-allergenic": null,
        "timer": null,
        "dermatologistrecommended": null,
        "sapdepartmentno": "5",
        "allergencontains": "Fish",
        "waterresistant": null,
        "friendlydisclaimer": null,
        "recyclableinformation": null,
        "usageinstructions": null,
        "freezable": "False"
      },
      "DetailsImagePaths": [
        "https://cdn0.woolworths.media/content/wowproductimages/large/929634.jpg"
      ],
      "Variety": null,
      "Rating": {
        "ReviewCount": 0,
        "RatingCount": 0,
        "RatingSum": 0,
        "OneStarCount": 0,
        "TwoStarCount": 0,
        "ThreeStarCount": 0,
        "FourStarCount": 0,
        "FiveStarCount": 0,
        "Average": 0,
        "OneStarPercentage": 0,
        "TwoStarPercentage": 0,
        "ThreeStarPercentage": 0,
        "FourStarPercentage": 0,
        "FiveStarPercentage": 0
      },
      "HasProductSubs": false,
      "IsSponsoredAd": false,
      "AdID": null,
      "AdIndex": null,
      "AdStatus": null,
      "IsMarketProduct": false,
      "IsGiftable": false,
      "Vendor": null,
      "Untraceable": false,
      "ThirdPartyProductInfo": null,
      "MarketFeatures": null,
      "MarketSpecifications": null,
      "SupplyLimitSource": "StockQuantity",
      "Tags": null,
      "IsPersonalisedByPurchaseHistory": false,
      "IsFromFacetedSearch": false,
      "NextAvailabilityDate": "2024-07-11T00:00:00.0000000Z",
      "NumberOfSubstitutes": 0,
      "IsPrimaryVariant": false,
      "VariantGroupId": 0,
      "HasVariants": false,
      "VariantTitle": null,
      "IsTobacco": false,
      "IsB2BExtendedRangeSapCategory": false
    }
  },
  {
    "timestamp": "2024-07-09T11:35:24.955Z",
    "status": "success",
    "productURL": "https://www.woolworths.com.au/shop/productdetails/256620/always-fresh-mediterranean-snack-bites-spanish-ham-flavour",
    "product": {
      "TileID": 0,
      "Stockcode": 256620,
      "Barcode": "9300602379384",
      "GtinFormat": 13,
      "CupPrice": 0,
      "InstoreCupPrice": 0,
      "CupMeasure": "100G",
      "CupString": "$0.00 / 100G",
      "InstoreCupString": "$0.00 / 100G",
      "HasCupPrice": false,
      "InstoreHasCupPrice": false,
      "Price": 0,
      "InstorePrice": 0,
      "Name": "Always Fresh Mediterranean Snack Bites Spanish Ham Flavour",
      "DisplayName": "Always Fresh Mediterranean Snack Bites Spanish Ham Flavour 120g",
      "UrlFriendlyName": "always-fresh-mediterranean-snack-bites-spanish-ham-flavour",
      "Description": " Always Fresh Mediterranean<br>Snack Bites Spanish... 120g",
      "SmallImageFile": "https://cdn0.woolworths.media/content/wowproductimages/small/256620.jpg",
      "MediumImageFile": "https://cdn0.woolworths.media/content/wowproductimages/medium/256620.jpg",
      "LargeImageFile": "https://cdn0.woolworths.media/content/wowproductimages/large/256620.jpg",
      "IsNew": false,
      "IsHalfPrice": false,
      "IsOnlineOnly": false,
      "IsOnSpecial": false,
      "InstoreIsOnSpecial": false,
      "IsEdrSpecial": false,
      "SavingsAmount": 0,
      "InstoreSavingsAmount": 0,
      "WasPrice": 0,
      "InstoreWasPrice": 0,
      "QuantityInTrolley": 0,
      "Unit": "Each",
      "MinimumQuantity": 1,
      "HasBeenBoughtBefore": false,
      "IsInTrolley": false,
      "Source": "ProductDetail",
      "SupplyLimit": 36,
      "ProductLimit": 36,
      "MaxSupplyLimitMessage": "36 item limit",
      "IsRanged": false,
      "IsInStock": false,
      "PackageSize": "120g",
      "IsPmDelivery": false,
      "IsForCollection": true,
      "IsForDelivery": true,
      "IsForExpress": true,
      "ProductRestrictionMessage": null,
      "ProductWarningMessage": null,
      "CentreTag": {
        "TagContent": null,
        "TagLink": null,
        "FallbackText": null,
        "TagType": "None",
        "MultibuyData": null,
        "MemberPriceData": null,
        "TagContentText": null,
        "DualImageTagContent": null,
        "PromotionType": "NOT_SET",
        "IsRegisteredRewardCardPromotion": false
      },
      "IsCentreTag": false,
      "ImageTag": {
        "TagContent": null,
        "TagLink": null,
        "FallbackText": null,
        "TagType": "None",
        "MultibuyData": null,
        "MemberPriceData": null,
        "TagContentText": null,
        "DualImageTagContent": null,
        "PromotionType": "NOT_SET",
        "IsRegisteredRewardCardPromotion": false
      },
      "HeaderTag": null,
      "HasHeaderTag": false,
      "UnitWeightInGrams": 125,
      "SupplyLimitMessage": "'Always Fresh Mediterranean Snack Bites Spanish Ham Flavour' has a supply limit of 36. The quantity in your cart has been reduced accordingly. To purchase a larger quantity, please contact us on 1800 000 610. Please note we do not supply trade orders.",
      "SmallFormatDescription": "Always Fresh Mediterranean Snack Bites Spanish Ham Flavour",
      "FullDescription": "Always Fresh Mediterranean Snack Bites Spanish Ham Flavour",
      "IsAvailable": false,
      "InstoreIsAvailable": false,
      "IsPurchasable": false,
      "InstoreIsPurchasable": false,
      "AgeRestricted": false,
      "DisplayQuantity": 1,
      "RichDescription": "<p><span style=\"color: black; font-size: 9.5pt;\">Our delightfully morish Always Fresh Mediterranean Snack Bites are intensely flavoured savoury biscuits made in Valencia, Spain. Elevated with aromatic Spanish Jamon flavour, every Mediterranean Snack Bite is designed to excite your tastebuds. Perfect for snacking or sharing.<span><p><p><span style=\"color: black; font-size: 9.5pt;\"> Baked Not Fried.<span><p><p><span style=\"color: black; font-size: 9.5pt;\"> No Artificial Colours or Preservatives.<span><span style=\"color: rgb(36, 36, 36); font-family: Calibri, sans-serif; font-size: 11pt;\"> <span><p>",
      "HideWasSavedPrice": true,
      "SapCategories": {
        "SapDepartmentName": "GROCERIES",
        "SapCategoryName": "BISCUITS",
        "SapSubCategoryName": "BISCUITS - SAVOURY",
        "SapSegmentName": "PREMIUM FLAVOURED SNACKS"
      },
      "Brand": "Always Fresh",
      "IsRestrictedByDeliveryMethod": false,
      "FooterTag": {
        "TagContent": null,
        "TagLink": null,
        "FallbackText": null,
        "TagType": "None",
        "MultibuyData": null,
        "MemberPriceData": null,
        "TagContentText": null,
        "DualImageTagContent": null,
        "PromotionType": "NOT_SET",
        "IsRegisteredRewardCardPromotion": false
      },
      "IsFooterEnabled": false,
      "Diagnostics": "0",
      "IsBundle": false,
      "IsInFamily": false,
      "ChildProducts": [],
      "UrlOverride": null,
      "AdditionalAttributes": {
        "boxedcontents": null,
        "addedvitaminsandminerals": "False",
        "sapdepartmentname": "GROCERIES",
        "spf": null,
        "haircolour": null,
        "lifestyleanddietarystatement": "Low Sugar",
        "sapcategoryname": "BISCUITS",
        "skintype": null,
        "importantinformation": null,
        "allergystatement": "No Artificial Preservatives",
        "productdepthmm": null,
        "skincondition": null,
        "ophthalmologistapproved": null,
        "healthstarrating": null,
        "hairtype": null,
        "fragrance-free": null,
        "sapsegmentname": "PREMIUM FLAVOURED SNACKS",
        "suitablefor": null,
        "PiesProductDepartmentsjson": "[{\"Id\":\"1_717445A\",\"Description\":\"Snacks & Confectionery\"}]",
        "piessubcategorynamesjson": "[\"Crackers\"]",
        "sapsegmentno": "5",
        "productwidthmm": null,
        "contains": null,
        "sapsubcategoryname": "BISCUITS - SAVOURY",
        "dermatologisttested": null,
        "wool_productpackaging": null,
        "dermatologicallyapproved": null,
        "specialsgroupid": null,
        "productimages": "256620.jpg,256620_2.jpg",
        "productheightmm": null,
        "r&r_hidereviews": null,
        "microwavesafe": "False",
        "paba-free": null,
        "lifestyleclaim": null,
        "alcoholfree": null,
        "tgawarning": null,
        "activeconstituents": null,
        "microwaveable": "False",
        "soap-free": null,
        "countryoforigin": null,
        "isexcludedfromsubstitution": "False",
        "productimagecount": "2",
        "r&r_loggedinreviews": null,
        "anti-dandruff": null,
        "servingsize-total-nip": null,
        "tgahealthwarninglink": null,
        "allergenmaybepresent": "Sesame, Milk, Peanuts, Soy",
        "PiesProductDepartmentNodeId": "1_717445A",
        "parabenfree": "False",
        "vendorarticleid": null,
        "containsgluten": "False",
        "containsnuts": "False",
        "ingredients": "Wheat Flour, Sunflower Oil, Yeast, Ham Aroma (3.1%) [Maltodextrin, Salt, Sugar, Aroma], Dehydrated Tomato , Salt, Sugar, Malt Flour (Barley), Ascorbic Acid",
        "colour": null,
        "manufacturer": null,
        "sapcategoryno": "53",
        "storageinstructions": null,
        "tgawarnings": null,
        "piesdepartmentnamesjson": "[\"Snacks & Confectionery\"]",
        "brand": "always fresh",
        "oilfree": null,
        "fragrance": null,
        "antibacterial": "False",
        "non-comedogenic": null,
        "antiseptic": "False",
        "bpafree": "False",
        "vendorcostprice": null,
        "description": "<p><span style=\"color: black; font-size: 9.5pt;\">Our delightfully morish Always Fresh Mediterranean Snack Bites are intensely flavoured savoury biscuits made in Valencia, Spain. Elevated with aromatic Spanish Jamon flavour, every Mediterranean Snack Bite is designed to excite your tastebuds. Perfect for snacking or sharing.<span><p><p><span style=\"color: black; font-size: 9.5pt;\"> Baked Not Fried.<span><p><p><span style=\"color: black; font-size: 9.5pt;\"> No Artificial Colours or Preservatives.<span><span style=\"color: rgb(36, 36, 36); font-family: Calibri, sans-serif; font-size: 11pt;\"> <span><p>",
        "sweatresistant": null,
        "sapsubcategoryno": "158",
        "antioxidant": "False",
        "claims": null,
        "phbalanced": null,
        "wool_dietaryclaim": null,
        "ophthalmologisttested": null,
        "sulfatefree": "False",
        "servingsperpack-total-nip": null,
        "piescategorynamesjson": "[\"Biscuits & Crackers\"]",
        "nutritionalinformation": "{\"Name\":\"Nutritional Information\",\"Attributes\":[{\"Id\":705,\"Name\":\"Carbohydrate Quantity Per 100g - Total - NIP\",\"Value\":\"60.30g\",\"Description\":\"Carbohydrate Quantity Per 100g - Total - NIP\",\"SortOrder\":83},{\"Id\":706,\"Name\":\"Carbohydrate Quantity Per Serve - Total - NIP\",\"Value\":\"12.10g\",\"Description\":\"Carbohydrate Quantity Per Serve - Total - NIP\",\"SortOrder\":87},{\"Id\":191,\"Name\":\"Dietary Fibre Quantity Per 100g - Total - NIP\",\"Value\":\"3.20g\",\"Description\":\"Dietary Fibre Quantity Per 100g - Total - NIP\",\"SortOrder\":175},{\"Id\":120,\"Name\":\"Dietary Fibre Quantity Per Serve - Total - NIP\",\"Value\":\"0.60g\",\"Description\":\"Dietary Fibre Quantity Per Serve - Total - NIP\",\"SortOrder\":179},{\"Id\":759,\"Name\":\"Energy kJ Quantity Per 100g - Total - NIP\",\"Value\":\"2070.00kJ\",\"Description\":\"Energy kJ Quantity Per 100g - Total - NIP\",\"SortOrder\":239},{\"Id\":760,\"Name\":\"Energy kJ Quantity Per Serve - Total - NIP\",\"Value\":\"414.00kJ\",\"Description\":\"Energy kJ Quantity Per Serve - Total - NIP\",\"SortOrder\":243},{\"Id\":253,\"Name\":\"Fat Saturated Quantity Per 100g - Total - NIP\",\"Value\":\"1.50g\",\"Description\":\"Fat Saturated Quantity Per 100g - Total - NIP\",\"SortOrder\":251},{\"Id\":258,\"Name\":\"Fat Saturated Quantity Per Serve - Total - NIP\",\"Value\":\"0.30g\",\"Description\":\"Fat Saturated Quantity Per Serve - Total - NIP\",\"SortOrder\":255},{\"Id\":764,\"Name\":\"Fat Total Quantity Per 100g - Total - NIP\",\"Value\":\"23.60g\",\"Description\":\"Fat Total Quantity Per 100g - Total - NIP\",\"SortOrder\":263},{\"Id\":166,\"Name\":\"Fat Total Quantity Per 100g - ValueWord - NIP\",\"Value\":\"23.60\",\"Description\":\"Fat Total Quantity Per 100g - ValueWord - NIP\",\"SortOrder\":264},{\"Id\":264,\"Name\":\"Fat Total Quantity Per Serve - Total - NIP\",\"Value\":\"4.70g\",\"Description\":\"Fat Total Quantity Per Serve - Total - NIP\",\"SortOrder\":267},{\"Id\":878,\"Name\":\"Protein Quantity Per 100g - Total - NIP\",\"Value\":\"8.70g\",\"Description\":\"Protein Quantity Per 100g - Total - NIP\",\"SortOrder\":587},{\"Id\":882,\"Name\":\"Protein Quantity Per Serve - Total - NIP\",\"Value\":\"1.70g\",\"Description\":\"Protein Quantity Per Serve - Total - NIP\",\"SortOrder\":591},{\"Id\":477,\"Name\":\"Serving Size - Total - NIP\",\"Value\":\"20.00g\",\"Description\":\"Serving Size - Total - NIP\",\"SortOrder\":607},{\"Id\":544,\"Name\":\"Servings Per Pack - Total - NIP\",\"Value\":\"6.00\",\"Description\":\"Servings Per Pack - Total - NIP\",\"SortOrder\":611},{\"Id\":491,\"Name\":\"Sodium Quantity Per 100g - Total - NIP\",\"Value\":\"720.00mg\",\"Description\":\"Sodium Quantity Per 100g - Total - NIP\",\"SortOrder\":623},{\"Id\":495,\"Name\":\"Sodium Quantity Per Serve - Total - NIP\",\"Value\":\"144.00mg\",\"Description\":\"Sodium Quantity Per Serve - Total - NIP\",\"SortOrder\":627},{\"Id\":908,\"Name\":\"Sugars Quantity Per 100g - SuffixUnits - NIP\",\"Value\":\"g\",\"Description\":\"Sugars Quantity Per 100g - SuffixUnits - NIP\",\"SortOrder\":646},{\"Id\":909,\"Name\":\"Sugars Quantity Per 100g - Total - NIP\",\"Value\":\"3.70g\",\"Description\":\"Sugars Quantity Per 100g - Total - NIP\",\"SortOrder\":647},{\"Id\":910,\"Name\":\"Sugars Quantity Per 100g - ValueWord - NIP\",\"Value\":\"3.70\",\"Description\":\"Sugars Quantity Per 100g - ValueWord - NIP\",\"SortOrder\":648},{\"Id\":911,\"Name\":\"Sugars Quantity Per Serve - SuffixUnits - NIP\",\"Value\":\"g\",\"Description\":\"Sugars Quantity Per Serve - SuffixUnits - NIP\",\"SortOrder\":650},{\"Id\":912,\"Name\":\"Sugars Quantity Per Serve - Total - NIP\",\"Value\":\"0.70g\",\"Description\":\"Sugars Quantity Per Serve - Total - NIP\",\"SortOrder\":651},{\"Id\":572,\"Name\":\"Sugars Quantity Per Serve - ValueWord - NIP\",\"Value\":\"0.70\",\"Description\":\"Sugars Quantity Per Serve - ValueWord - NIP\",\"SortOrder\":652}]}",
        "ovencook": "False",
        "vegetarian": "False",
        "hypo-allergenic": null,
        "timer": null,
        "dermatologistrecommended": null,
        "sapdepartmentno": "5",
        "allergencontains": "Gluten, Wheat",
        "waterresistant": null,
        "friendlydisclaimer": null,
        "recyclableinformation": null,
        "usageinstructions": null,
        "freezable": "False"
      },
      "DetailsImagePaths": [
        "https://cdn0.woolworths.media/content/wowproductimages/large/256620.jpg",
        "https://cdn0.woolworths.media/content/wowproductimages/large/256620_2.jpg"
      ],
      "Variety": "Spanish Ham Flavour",
      "Rating": {
        "ReviewCount": 0,
        "RatingCount": 0,
        "RatingSum": 0,
        "OneStarCount": 0,
        "TwoStarCount": 0,
        "ThreeStarCount": 0,
        "FourStarCount": 0,
        "FiveStarCount": 0,
        "Average": 0,
        "OneStarPercentage": 0,
        "TwoStarPercentage": 0,
        "ThreeStarPercentage": 0,
        "FourStarPercentage": 0,
        "FiveStarPercentage": 0
      },
      "HasProductSubs": false,
      "IsSponsoredAd": false,
      "AdID": null,
      "AdIndex": null,
      "AdStatus": null,
      "IsMarketProduct": false,
      "IsGiftable": false,
      "Vendor": null,
      "Untraceable": false,
      "ThirdPartyProductInfo": null,
      "MarketFeatures": null,
      "MarketSpecifications": null,
      "SupplyLimitSource": "ProductLimit",
      "Tags": null,
      "IsPersonalisedByPurchaseHistory": false,
      "IsFromFacetedSearch": false,
      "NextAvailabilityDate": null,
      "NumberOfSubstitutes": 0,
      "IsPrimaryVariant": false,
      "VariantGroupId": 0,
      "HasVariants": false,
      "VariantTitle": null,
      "IsTobacco": false,
      "IsB2BExtendedRangeSapCategory": false
    }
  },
  {
    "timestamp": "2024-07-09T11:35:25.436Z",
    "status": "success",
    "productURL": "https://www.woolworths.com.au/shop/productdetails/255375/always-fresh-mediterranean-snack-bites-truffle",
    "product": {
      "TileID": 0,
      "Stockcode": 255375,
      "Barcode": "9300602379223",
      "GtinFormat": 13,
      "CupPrice": 1.54,
      "InstoreCupPrice": 1.54,
      "CupMeasure": "100G",
      "CupString": "$1.54 / 100G",
      "InstoreCupString": "$1.54 / 100G",
      "HasCupPrice": true,
      "InstoreHasCupPrice": true,
      "Price": 1.85,
      "InstorePrice": 1.85,
      "Name": "Always Fresh Mediterranean Snack Bites Truffle",
      "DisplayName": "Always Fresh Mediterranean Snack Bites Truffle 120g",
      "UrlFriendlyName": "always-fresh-mediterranean-snack-bites-truffle",
      "Description": " Always Fresh Mediterranean<br>Snack Bites Truffle 120g",
      "SmallImageFile": "https://cdn0.woolworths.media/content/wowproductimages/small/255375.jpg",
      "MediumImageFile": "https://cdn0.woolworths.media/content/wowproductimages/medium/255375.jpg",
      "LargeImageFile": "https://cdn0.woolworths.media/content/wowproductimages/large/255375.jpg",
      "IsNew": false,
      "IsHalfPrice": false,
      "IsOnlineOnly": false,
      "IsOnSpecial": true,
      "InstoreIsOnSpecial": true,
      "IsEdrSpecial": false,
      "SavingsAmount": 1.65,
      "InstoreSavingsAmount": 1.65,
      "WasPrice": 3.5,
      "InstoreWasPrice": 3.5,
      "QuantityInTrolley": 0,
      "Unit": "Each",
      "MinimumQuantity": 1,
      "HasBeenBoughtBefore": false,
      "IsInTrolley": false,
      "Source": "ProductDetail",
      "SupplyLimit": 16,
      "ProductLimit": 36,
      "MaxSupplyLimitMessage": "16 item(s) left",
      "IsRanged": true,
      "IsInStock": true,
      "PackageSize": "120g",
      "IsPmDelivery": false,
      "IsForCollection": true,
      "IsForDelivery": true,
      "IsForExpress": true,
      "ProductRestrictionMessage": null,
      "ProductWarningMessage": null,
      "CentreTag": {
        "TagContent": null,
        "TagLink": null,
        "FallbackText": null,
        "TagType": "None",
        "MultibuyData": null,
        "MemberPriceData": null,
        "TagContentText": null,
        "DualImageTagContent": null,
        "PromotionType": "NOT_SET",
        "IsRegisteredRewardCardPromotion": false
      },
      "IsCentreTag": false,
      "ImageTag": {
        "TagContent": "/content/promotiontags/roundel-special-200x200.png",
        "TagLink": "",
        "FallbackText": "On Special",
        "TagType": "None",
        "MultibuyData": null,
        "MemberPriceData": null,
        "TagContentText": null,
        "DualImageTagContent": null,
        "PromotionType": "NOT_SET",
        "IsRegisteredRewardCardPromotion": false
      },
      "HeaderTag": {
        "BackgroundColor": "#fd0",
        "BorderColor": "#fd0",
        "TextColor": "#000",
        "Content": "Save $1.65",
        "TagLink": null,
        "Promotion": "Special"
      },
      "HasHeaderTag": true,
      "UnitWeightInGrams": 128,
      "SupplyLimitMessage": "'Always Fresh Mediterranean Snack Bites Truffle' has a supply limit of 16. The quantity in your cart has been reduced accordingly. To purchase a larger quantity, please contact us on 1800 000 610. Please note we do not supply trade orders.",
      "SmallFormatDescription": "Always Fresh Mediterranean Snack Bites Truffle",
      "FullDescription": "Always Fresh Mediterranean Snack Bites Truffle",
      "IsAvailable": true,
      "InstoreIsAvailable": true,
      "IsPurchasable": true,
      "InstoreIsPurchasable": true,
      "AgeRestricted": false,
      "DisplayQuantity": 1,
      "RichDescription": "<table align=\"left\" class=\"ql-table-blob\"><tbody><tr><td align=\"left\" colspan=\"1\" rowspan=\"1\" valign=\"top\" style=\"padding-top: 0cm; padding-right: 9.0pt; padding-bottom: 0cm; padding-left: 9.0pt;\">\n  <p class=\"MsoNormal\"><span class=\"contentpasted0\"><span style=\"font-size: 9.5pt; color: #242424; border: none windowtext 1.0pt; padding: 0cm;\">Our delightfully morish\n  Always Fresh Mediterranean Snack Bites are intensely flavoured savoury\n  biscuits made in Valencia, Spain. Elevated with aromatic Truffle flavour,\n  every Mediterranean Snack Bite is designed to excite your tastebuds. Perfect\n  for snacking or sharing.<span><span><span style=\"font-size: 9.5pt; color: #242424; border: none windowtext 1.0pt; padding: 0cm;\"><br>  <span class=\"contentpasted0\">Baked Not Fried.<span><br>  <span class=\"contentpasted0\">Vegan.<span><span><p>\n  <td><tr><tbody><table><p><br><p><p><br><p><p><span style=\"color: rgb(36, 36, 36); font-size: 9.5pt;\">No Artificial Colours or Preservatives.<span><span style=\"color: rgb(36, 36, 36); font-family: Calibri, sans-serif; font-size: 11pt;\"> <span><p>",
      "HideWasSavedPrice": false,
      "SapCategories": {
        "SapDepartmentName": "GROCERIES",
        "SapCategoryName": "BISCUITS",
        "SapSubCategoryName": "BISCUITS - SAVOURY",
        "SapSegmentName": "PREMIUM FLAVOURED SNACKS"
      },
      "Brand": "Always Fresh",
      "IsRestrictedByDeliveryMethod": false,
      "FooterTag": {
        "TagContent": null,
        "TagLink": null,
        "FallbackText": null,
        "TagType": "None",
        "MultibuyData": null,
        "MemberPriceData": null,
        "TagContentText": null,
        "DualImageTagContent": null,
        "PromotionType": "NOT_SET",
        "IsRegisteredRewardCardPromotion": false
      },
      "IsFooterEnabled": false,
      "Diagnostics": "0",
      "IsBundle": false,
      "IsInFamily": false,
      "ChildProducts": [],
      "UrlOverride": null,
      "AdditionalAttributes": {
        "boxedcontents": null,
        "addedvitaminsandminerals": "False",
        "sapdepartmentname": "GROCERIES",
        "spf": null,
        "haircolour": null,
        "lifestyleanddietarystatement": "Vegetarian",
        "sapcategoryname": "BISCUITS",
        "skintype": null,
        "importantinformation": null,
        "allergystatement": "No Artificial Preservatives",
        "productdepthmm": null,
        "skincondition": null,
        "ophthalmologistapproved": null,
        "healthstarrating": null,
        "hairtype": null,
        "fragrance-free": null,
        "sapsegmentname": "PREMIUM FLAVOURED SNACKS",
        "suitablefor": null,
        "PiesProductDepartmentsjson": "[{\"Id\":\"1_717445A\",\"Description\":\"Snacks & Confectionery\"}]",
        "piessubcategorynamesjson": "[\"Crackers\"]",
        "sapsegmentno": "5",
        "productwidthmm": null,
        "contains": null,
        "sapsubcategoryname": "BISCUITS - SAVOURY",
        "dermatologisttested": null,
        "wool_productpackaging": null,
        "dermatologicallyapproved": null,
        "specialsgroupid": null,
        "productimages": "255375.jpg,255375_2.jpg",
        "productheightmm": null,
        "r&r_hidereviews": null,
        "microwavesafe": "False",
        "paba-free": null,
        "lifestyleclaim": null,
        "alcoholfree": null,
        "tgawarning": null,
        "activeconstituents": null,
        "microwaveable": "False",
        "soap-free": null,
        "countryoforigin": null,
        "isexcludedfromsubstitution": "False",
        "productimagecount": "2",
        "r&r_loggedinreviews": null,
        "anti-dandruff": null,
        "servingsize-total-nip": null,
        "tgahealthwarninglink": null,
        "allergenmaybepresent": "Gluten, Milk, Peanuts, Soy",
        "PiesProductDepartmentNodeId": "1_717445A",
        "parabenfree": "False",
        "vendorarticleid": null,
        "containsgluten": "False",
        "containsnuts": "False",
        "ingredients": "Wheat Flour, Sunflower Oil, Yeast , Truffle Flavour Seasoning (4.1%) [Powdered Glucose Syrup, Aroma, Salt, Spices, Natural Truffle Powder (<0.01%)], Salt, Sugar, Malt Flour (Barley), Ascorbic Acid",
        "colour": null,
        "manufacturer": null,
        "sapcategoryno": "53",
        "storageinstructions": null,
        "tgawarnings": null,
        "piesdepartmentnamesjson": "[\"Snacks & Confectionery\"]",
        "brand": "always fresh",
        "oilfree": null,
        "fragrance": null,
        "antibacterial": "False",
        "non-comedogenic": null,
        "antiseptic": "False",
        "bpafree": "False",
        "vendorcostprice": null,
        "description": "<table align=\"left\" class=\"ql-table-blob\"><tbody><tr><td align=\"left\" colspan=\"1\" rowspan=\"1\" valign=\"top\" style=\"padding-top: 0cm; padding-right: 9.0pt; padding-bottom: 0cm; padding-left: 9.0pt;\">\n  <p class=\"MsoNormal\"><span class=\"contentpasted0\"><span style=\"font-size: 9.5pt; color: #242424; border: none windowtext 1.0pt; padding: 0cm;\">Our delightfully morish\n  Always Fresh Mediterranean Snack Bites are intensely flavoured savoury\n  biscuits made in Valencia, Spain. Elevated with aromatic Truffle flavour,\n  every Mediterranean Snack Bite is designed to excite your tastebuds. Perfect\n  for snacking or sharing.<span><span><span style=\"font-size: 9.5pt; color: #242424; border: none windowtext 1.0pt; padding: 0cm;\"><br>  <span class=\"contentpasted0\">Baked Not Fried.<span><br>  <span class=\"contentpasted0\">Vegan.<span><span><p>\n  <td><tr><tbody><table><p><br><p><p><br><p><p><span style=\"color: rgb(36, 36, 36); font-size: 9.5pt;\">No Artificial Colours or Preservatives.<span><span style=\"color: rgb(36, 36, 36); font-family: Calibri, sans-serif; font-size: 11pt;\"> <span><p>",
        "sweatresistant": null,
        "sapsubcategoryno": "158",
        "antioxidant": "False",
        "claims": null,
        "phbalanced": null,
        "wool_dietaryclaim": null,
        "ophthalmologisttested": null,
        "sulfatefree": "False",
        "servingsperpack-total-nip": null,
        "piescategorynamesjson": "[\"Biscuits & Crackers\"]",
        "nutritionalinformation": "{\"Name\":\"Nutritional Information\",\"Attributes\":[{\"Id\":705,\"Name\":\"Carbohydrate Quantity Per 100g - Total - NIP\",\"Value\":\"62.80g\",\"Description\":\"Carbohydrate Quantity Per 100g - Total - NIP\",\"SortOrder\":83},{\"Id\":706,\"Name\":\"Carbohydrate Quantity Per Serve - Total - NIP\",\"Value\":\"12.60g\",\"Description\":\"Carbohydrate Quantity Per Serve - Total - NIP\",\"SortOrder\":87},{\"Id\":759,\"Name\":\"Energy kJ Quantity Per 100g - Total - NIP\",\"Value\":\"2060.00kJ\",\"Description\":\"Energy kJ Quantity Per 100g - Total - NIP\",\"SortOrder\":239},{\"Id\":760,\"Name\":\"Energy kJ Quantity Per Serve - Total - NIP\",\"Value\":\"412.00kJ\",\"Description\":\"Energy kJ Quantity Per Serve - Total - NIP\",\"SortOrder\":243},{\"Id\":253,\"Name\":\"Fat Saturated Quantity Per 100g - Total - NIP\",\"Value\":\"2.10g\",\"Description\":\"Fat Saturated Quantity Per 100g - Total - NIP\",\"SortOrder\":251},{\"Id\":258,\"Name\":\"Fat Saturated Quantity Per Serve - Total - NIP\",\"Value\":\"0.40g\",\"Description\":\"Fat Saturated Quantity Per Serve - Total - NIP\",\"SortOrder\":255},{\"Id\":764,\"Name\":\"Fat Total Quantity Per 100g - Total - NIP\",\"Value\":\"22.60g\",\"Description\":\"Fat Total Quantity Per 100g - Total - NIP\",\"SortOrder\":263},{\"Id\":166,\"Name\":\"Fat Total Quantity Per 100g - ValueWord - NIP\",\"Value\":\"22.60\",\"Description\":\"Fat Total Quantity Per 100g - ValueWord - NIP\",\"SortOrder\":264},{\"Id\":264,\"Name\":\"Fat Total Quantity Per Serve - Total - NIP\",\"Value\":\"4.50g\",\"Description\":\"Fat Total Quantity Per Serve - Total - NIP\",\"SortOrder\":267},{\"Id\":878,\"Name\":\"Protein Quantity Per 100g - Total - NIP\",\"Value\":\"8.20g\",\"Description\":\"Protein Quantity Per 100g - Total - NIP\",\"SortOrder\":587},{\"Id\":882,\"Name\":\"Protein Quantity Per Serve - Total - NIP\",\"Value\":\"1.60g\",\"Description\":\"Protein Quantity Per Serve - Total - NIP\",\"SortOrder\":591},{\"Id\":477,\"Name\":\"Serving Size - Total - NIP\",\"Value\":\"20.00g\",\"Description\":\"Serving Size - Total - NIP\",\"SortOrder\":607},{\"Id\":544,\"Name\":\"Servings Per Pack - Total - NIP\",\"Value\":\"6.00\",\"Description\":\"Servings Per Pack - Total - NIP\",\"SortOrder\":611},{\"Id\":491,\"Name\":\"Sodium Quantity Per 100g - Total - NIP\",\"Value\":\"680.00mg\",\"Description\":\"Sodium Quantity Per 100g - Total - NIP\",\"SortOrder\":623},{\"Id\":495,\"Name\":\"Sodium Quantity Per Serve - Total - NIP\",\"Value\":\"136.00mg\",\"Description\":\"Sodium Quantity Per Serve - Total - NIP\",\"SortOrder\":627},{\"Id\":908,\"Name\":\"Sugars Quantity Per 100g - SuffixUnits - NIP\",\"Value\":\"g\",\"Description\":\"Sugars Quantity Per 100g - SuffixUnits - NIP\",\"SortOrder\":646},{\"Id\":909,\"Name\":\"Sugars Quantity Per 100g - Total - NIP\",\"Value\":\"2.40g\",\"Description\":\"Sugars Quantity Per 100g - Total - NIP\",\"SortOrder\":647},{\"Id\":910,\"Name\":\"Sugars Quantity Per 100g - ValueWord - NIP\",\"Value\":\"2.40\",\"Description\":\"Sugars Quantity Per 100g - ValueWord - NIP\",\"SortOrder\":648},{\"Id\":911,\"Name\":\"Sugars Quantity Per Serve - SuffixUnits - NIP\",\"Value\":\"g\",\"Description\":\"Sugars Quantity Per Serve - SuffixUnits - NIP\",\"SortOrder\":650},{\"Id\":912,\"Name\":\"Sugars Quantity Per Serve - Total - NIP\",\"Value\":\"0.50g\",\"Description\":\"Sugars Quantity Per Serve - Total - NIP\",\"SortOrder\":651},{\"Id\":572,\"Name\":\"Sugars Quantity Per Serve - ValueWord - NIP\",\"Value\":\"0.50\",\"Description\":\"Sugars Quantity Per Serve - ValueWord - NIP\",\"SortOrder\":652}]}",
        "ovencook": "False",
        "vegetarian": "False",
        "hypo-allergenic": null,
        "timer": null,
        "dermatologistrecommended": null,
        "sapdepartmentno": "5",
        "allergencontains": null,
        "waterresistant": null,
        "friendlydisclaimer": null,
        "recyclableinformation": null,
        "usageinstructions": null,
        "freezable": "False"
      },
      "DetailsImagePaths": [
        "https://cdn0.woolworths.media/content/wowproductimages/large/255375.jpg",
        "https://cdn0.woolworths.media/content/wowproductimages/large/255375_2.jpg"
      ],
      "Variety": "Truffle",
      "Rating": {
        "ReviewCount": 0,
        "RatingCount": 0,
        "RatingSum": 0,
        "OneStarCount": 0,
        "TwoStarCount": 0,
        "ThreeStarCount": 0,
        "FourStarCount": 0,
        "FiveStarCount": 0,
        "Average": 0,
        "OneStarPercentage": 0,
        "TwoStarPercentage": 0,
        "ThreeStarPercentage": 0,
        "FourStarPercentage": 0,
        "FiveStarPercentage": 0
      },
      "HasProductSubs": false,
      "IsSponsoredAd": false,
      "AdID": null,
      "AdIndex": null,
      "AdStatus": null,
      "IsMarketProduct": false,
      "IsGiftable": false,
      "Vendor": null,
      "Untraceable": false,
      "ThirdPartyProductInfo": null,
      "MarketFeatures": null,
      "MarketSpecifications": null,
      "SupplyLimitSource": "StockQuantity",
      "Tags": [
        {
          "Content": {
            "Type": "Label",
            "Position": "Top",
            "Attributes": {
              "Text": "Save $1.65",
              "Promotion": "Special",
              "BackgroundColor": "#fd0",
              "BorderColor": "#fd0",
              "TextColor": "#000"
            }
          },
          "TemplateId": null,
          "Metadata": null
        },
        {
          "Content": {
            "Type": "Roundel",
            "Position": "Top",
            "Attributes": {
              "ImagePath": "/content/promotiontags/roundel-special-200x200.png",
              "FallbackText": "On Special"
            }
          },
          "TemplateId": null,
          "Metadata": null
        }
      ],
      "IsPersonalisedByPurchaseHistory": false,
      "IsFromFacetedSearch": false,
      "NextAvailabilityDate": "2024-07-11T00:00:00.0000000Z",
      "NumberOfSubstitutes": 0,
      "IsPrimaryVariant": false,
      "VariantGroupId": 0,
      "HasVariants": false,
      "VariantTitle": null,
      "IsTobacco": false,
      "IsB2BExtendedRangeSapCategory": false
    }
  },
  {
    "timestamp": "2024-07-09T11:35:25.526Z",
    "status": "success",
    "productURL": "https://www.woolworths.com.au/shop/productdetails/72511/always-fresh-olives-black-sliced",
    "product": {
      "TileID": 0,
      "Stockcode": 72511,
      "Barcode": "9300602355876",
      "GtinFormat": 13,
      "CupPrice": 14.89,
      "InstoreCupPrice": 14.89,
      "CupMeasure": "1KG",
      "CupString": "$14.89 / 1KG",
      "InstoreCupString": "$14.89 / 1KG",
      "HasCupPrice": true,
      "InstoreHasCupPrice": true,
      "Price": 3.5,
      "InstorePrice": 3.5,
      "Name": "Always Fresh Olives Black Sliced",
      "DisplayName": "Always Fresh Olives Black Sliced 235g",
      "UrlFriendlyName": "always-fresh-olives-black-sliced",
      "Description": " Always Fresh Olives Black<br>Sliced 235G",
      "SmallImageFile": "https://cdn0.woolworths.media/content/wowproductimages/small/072511.jpg",
      "MediumImageFile": "https://cdn0.woolworths.media/content/wowproductimages/medium/072511.jpg",
      "LargeImageFile": "https://cdn0.woolworths.media/content/wowproductimages/large/072511.jpg",
      "IsNew": false,
      "IsHalfPrice": false,
      "IsOnlineOnly": false,
      "IsOnSpecial": false,
      "InstoreIsOnSpecial": false,
      "IsEdrSpecial": false,
      "SavingsAmount": 0,
      "InstoreSavingsAmount": 0,
      "WasPrice": 3.5,
      "InstoreWasPrice": 3.5,
      "QuantityInTrolley": 0,
      "Unit": "Each",
      "MinimumQuantity": 1,
      "HasBeenBoughtBefore": false,
      "IsInTrolley": false,
      "Source": "ProductDetail",
      "SupplyLimit": 14,
      "ProductLimit": 36,
      "MaxSupplyLimitMessage": "14 item(s) left",
      "IsRanged": true,
      "IsInStock": true,
      "PackageSize": "235G",
      "IsPmDelivery": false,
      "IsForCollection": true,
      "IsForDelivery": true,
      "IsForExpress": true,
      "ProductRestrictionMessage": null,
      "ProductWarningMessage": null,
      "CentreTag": {
        "TagContent": null,
        "TagLink": null,
        "FallbackText": null,
        "TagType": "None",
        "MultibuyData": null,
        "MemberPriceData": null,
        "TagContentText": null,
        "DualImageTagContent": null,
        "PromotionType": "NOT_SET",
        "IsRegisteredRewardCardPromotion": false
      },
      "IsCentreTag": false,
      "ImageTag": {
        "TagContent": null,
        "TagLink": null,
        "FallbackText": "",
        "TagType": "None",
        "MultibuyData": null,
        "MemberPriceData": null,
        "TagContentText": null,
        "DualImageTagContent": null,
        "PromotionType": "NOT_SET",
        "IsRegisteredRewardCardPromotion": false
      },
      "HeaderTag": null,
      "HasHeaderTag": false,
      "UnitWeightInGrams": 235,
      "SupplyLimitMessage": "'Always Fresh Olives Black Sliced' has a supply limit of 14. The quantity in your cart has been reduced accordingly. To purchase a larger quantity, please contact us on 1800 000 610. Please note we do not supply trade orders.",
      "SmallFormatDescription": "Always Fresh Olives Black Sliced",
      "FullDescription": "Always Fresh Olives Black Sliced",
      "IsAvailable": true,
      "InstoreIsAvailable": true,
      "IsPurchasable": true,
      "InstoreIsPurchasable": true,
      "AgeRestricted": false,
      "DisplayQuantity": 1,
      "RichDescription": "Sliced Spanish holjiblanca olives, preserved to deliver a subtle, earthy flavour. Perfect in pasta dishes or as a pizza or salad topper. Crafted in Seveilla, Spain",
      "HideWasSavedPrice": false,
      "SapCategories": {
        "SapDepartmentName": "GROCERIES",
        "SapCategoryName": "CONDIMENTS",
        "SapSubCategoryName": "RELISHES & PICKLES",
        "SapSegmentName": "OLIVES"
      },
      "Brand": "Always Fresh",
      "IsRestrictedByDeliveryMethod": false,
      "FooterTag": {
        "TagContent": null,
        "TagLink": null,
        "FallbackText": null,
        "TagType": "None",
        "MultibuyData": null,
        "MemberPriceData": null,
        "TagContentText": null,
        "DualImageTagContent": null,
        "PromotionType": "NOT_SET",
        "IsRegisteredRewardCardPromotion": false
      },
      "IsFooterEnabled": false,
      "Diagnostics": "0",
      "IsBundle": false,
      "IsInFamily": false,
      "ChildProducts": [],
      "UrlOverride": null,
      "AdditionalAttributes": {
        "boxedcontents": null,
        "addedvitaminsandminerals": "False",
        "sapdepartmentname": "GROCERIES",
        "spf": null,
        "haircolour": null,
        "lifestyleanddietarystatement": "Vegan",
        "sapcategoryname": "CONDIMENTS",
        "skintype": null,
        "importantinformation": null,
        "allergystatement": "Wheat Free",
        "productdepthmm": null,
        "skincondition": null,
        "ophthalmologistapproved": null,
        "healthstarrating": null,
        "hairtype": null,
        "fragrance-free": null,
        "sapsegmentname": "OLIVES",
        "suitablefor": "Vegan, Vegetarian",
        "PiesProductDepartmentsjson": "[{\"Id\":\"1_39FD49C\",\"Description\":\"Pantry\"}]",
        "piessubcategorynamesjson": "[\"Chutney & Relish\",\"Pickled Vegetables\"]",
        "sapsegmentno": "6",
        "productwidthmm": null,
        "contains": null,
        "sapsubcategoryname": "RELISHES & PICKLES",
        "dermatologisttested": null,
        "wool_productpackaging": null,
        "dermatologicallyapproved": null,
        "specialsgroupid": null,
        "productimages": "72511.jpg,72511_1.jpg,72511_2.jpg,72511_3.jpg,72511_4.jpg",
        "productheightmm": null,
        "r&r_hidereviews": null,
        "microwavesafe": "False",
        "paba-free": null,
        "lifestyleclaim": "Vegan, Vegetarian",
        "alcoholfree": null,
        "tgawarning": null,
        "activeconstituents": null,
        "microwaveable": "False",
        "soap-free": null,
        "countryoforigin": null,
        "isexcludedfromsubstitution": "False",
        "productimagecount": "5",
        "r&r_loggedinreviews": null,
        "anti-dandruff": null,
        "servingsize-total-nip": null,
        "tgahealthwarninglink": null,
        "allergenmaybepresent": "Fish",
        "PiesProductDepartmentNodeId": "1_39FD49C",
        "parabenfree": "False",
        "vendorarticleid": null,
        "containsgluten": "False",
        "containsnuts": "False",
        "ingredients": "Black Hojiblanca Olives (49%), Water, Salt, Colour (579)",
        "colour": null,
        "manufacturer": null,
        "sapcategoryno": "81",
        "storageinstructions": "Refrigerate after opening. Consume within two weeks of opening",
        "tgawarnings": null,
        "piesdepartmentnamesjson": "[\"Pantry\"]",
        "brand": "always fresh",
        "oilfree": null,
        "fragrance": null,
        "antibacterial": "False",
        "non-comedogenic": null,
        "antiseptic": "False",
        "bpafree": "False",
        "vendorcostprice": null,
        "description": "Sliced Spanish holjiblanca olives, preserved to deliver a subtle, earthy flavour. Perfect in pasta dishes or as a pizza or salad topper. Crafted in Seveilla, Spain",
        "sweatresistant": null,
        "sapsubcategoryno": "162",
        "antioxidant": "False",
        "claims": null,
        "phbalanced": null,
        "wool_dietaryclaim": null,
        "ophthalmologisttested": null,
        "sulfatefree": "False",
        "servingsperpack-total-nip": null,
        "piescategorynamesjson": "[\"Condiments\"]",
        "nutritionalinformation": "{\"Name\":\"Nutritional Information\",\"Attributes\":[{\"Id\":702,\"Name\":\"Calcium Quantity Per 100g - Total - NIP\",\"Value\":\"52mg\",\"Description\":\"Calcium Quantity Per 100g - Total - NIP\",\"SortOrder\":71},{\"Id\":47,\"Name\":\"Calcium Quantity Per Serve - Total - NIP\",\"Value\":\"10.38mg\",\"Description\":\"Calcium Quantity Per Serve - Total - NIP\",\"SortOrder\":75},{\"Id\":705,\"Name\":\"Carbohydrate Quantity Per 100g - Total - NIP\",\"Value\":\"Approx.0.9g\",\"Description\":\"Carbohydrate Quantity Per 100g - Total - NIP\",\"SortOrder\":83},{\"Id\":706,\"Name\":\"Carbohydrate Quantity Per Serve - Total - NIP\",\"Value\":\"Approx.0.2g\",\"Description\":\"Carbohydrate Quantity Per Serve - Total - NIP\",\"SortOrder\":87},{\"Id\":191,\"Name\":\"Dietary Fibre Quantity Per 100g - Total - NIP\",\"Value\":\"2.3g\",\"Description\":\"Dietary Fibre Quantity Per 100g - Total - NIP\",\"SortOrder\":175},{\"Id\":120,\"Name\":\"Dietary Fibre Quantity Per Serve - Total - NIP\",\"Value\":\"0.46g\",\"Description\":\"Dietary Fibre Quantity Per Serve - Total - NIP\",\"SortOrder\":179},{\"Id\":759,\"Name\":\"Energy kJ Quantity Per 100g - Total - NIP\",\"Value\":\"Approx.611kJ\",\"Description\":\"Energy kJ Quantity Per 100g - Total - NIP\",\"SortOrder\":239},{\"Id\":760,\"Name\":\"Energy kJ Quantity Per Serve - Total - NIP\",\"Value\":\"Approx.122kJ\",\"Description\":\"Energy kJ Quantity Per Serve - Total - NIP\",\"SortOrder\":243},{\"Id\":253,\"Name\":\"Fat Saturated Quantity Per 100g - Total - NIP\",\"Value\":\"Approx.2.4g\",\"Description\":\"Fat Saturated Quantity Per 100g - Total - NIP\",\"SortOrder\":251},{\"Id\":258,\"Name\":\"Fat Saturated Quantity Per Serve - Total - NIP\",\"Value\":\"Approx.0.5g\",\"Description\":\"Fat Saturated Quantity Per Serve - Total - NIP\",\"SortOrder\":255},{\"Id\":764,\"Name\":\"Fat Total Quantity Per 100g - Total - NIP\",\"Value\":\"Approx.14.4g\",\"Description\":\"Fat Total Quantity Per 100g - Total - NIP\",\"SortOrder\":263},{\"Id\":166,\"Name\":\"Fat Total Quantity Per 100g - ValueWord - NIP\",\"Value\":\"14.4\",\"Description\":\"Fat Total Quantity Per 100g - ValueWord - NIP\",\"SortOrder\":264},{\"Id\":264,\"Name\":\"Fat Total Quantity Per Serve - Total - NIP\",\"Value\":\"Approx.2.9g\",\"Description\":\"Fat Total Quantity Per Serve - Total - NIP\",\"SortOrder\":267},{\"Id\":402,\"Name\":\"Monounsaturated Quantity Per 100g - Total - NIP\",\"Value\":\"14.93g\",\"Description\":\"Monounsaturated Quantity Per 100g - Total - NIP\",\"SortOrder\":479},{\"Id\":834,\"Name\":\"Monounsaturated Quantity Per Serve - Total - NIP\",\"Value\":\"2.98g\",\"Description\":\"Monounsaturated Quantity Per Serve - Total - NIP\",\"SortOrder\":483},{\"Id\":434,\"Name\":\"Polyunsaturated Quantity Per 100g - Total - NIP\",\"Value\":\"2.08g\",\"Description\":\"Polyunsaturated Quantity Per 100g - Total - NIP\",\"SortOrder\":563},{\"Id\":435,\"Name\":\"Polyunsaturated Quantity Per Serve - Total - NIP\",\"Value\":\"0.42g\",\"Description\":\"Polyunsaturated Quantity Per Serve - Total - NIP\",\"SortOrder\":567},{\"Id\":443,\"Name\":\"Potassium Quantity Per 100g - Total - NIP\",\"Value\":\"66mg\",\"Description\":\"Potassium Quantity Per 100g - Total - NIP\",\"SortOrder\":575},{\"Id\":493,\"Name\":\"Potassium Quantity Per Serve - Total - NIP\",\"Value\":\"13.18mg\",\"Description\":\"Potassium Quantity Per Serve - Total - NIP\",\"SortOrder\":579},{\"Id\":878,\"Name\":\"Protein Quantity Per 100g - Total - NIP\",\"Value\":\"Approx.1.2g\",\"Description\":\"Protein Quantity Per 100g - Total - NIP\",\"SortOrder\":587},{\"Id\":882,\"Name\":\"Protein Quantity Per Serve - Total - NIP\",\"Value\":\"Approx.0.2g\",\"Description\":\"Protein Quantity Per Serve - Total - NIP\",\"SortOrder\":591},{\"Id\":477,\"Name\":\"Serving Size - Total - NIP\",\"Value\":\"20g\",\"Description\":\"Serving Size - Total - NIP\",\"SortOrder\":607},{\"Id\":544,\"Name\":\"Servings Per Pack - Total - NIP\",\"Value\":\"5.8\",\"Description\":\"Servings Per Pack - Total - NIP\",\"SortOrder\":611},{\"Id\":491,\"Name\":\"Sodium Quantity Per 100g - Total - NIP\",\"Value\":\"Approx.711mg\",\"Description\":\"Sodium Quantity Per 100g - Total - NIP\",\"SortOrder\":623},{\"Id\":495,\"Name\":\"Sodium Quantity Per Serve - Total - NIP\",\"Value\":\"Approx.142mg\",\"Description\":\"Sodium Quantity Per Serve - Total - NIP\",\"SortOrder\":627},{\"Id\":907,\"Name\":\"Sugars Quantity Per 100g - Prefix - NIP\",\"Value\":\"Approx.\",\"Description\":\"Sugars Quantity Per 100g - Prefix - NIP\",\"SortOrder\":645},{\"Id\":908,\"Name\":\"Sugars Quantity Per 100g - SuffixUnits - NIP\",\"Value\":\"g\",\"Description\":\"Sugars Quantity Per 100g - SuffixUnits - NIP\",\"SortOrder\":646},{\"Id\":909,\"Name\":\"Sugars Quantity Per 100g - Total - NIP\",\"Value\":\"Approx.0g\",\"Description\":\"Sugars Quantity Per 100g - Total - NIP\",\"SortOrder\":647},{\"Id\":910,\"Name\":\"Sugars Quantity Per 100g - ValueWord - NIP\",\"Value\":\"0\",\"Description\":\"Sugars Quantity Per 100g - ValueWord - NIP\",\"SortOrder\":648},{\"Id\":504,\"Name\":\"Sugars Quantity Per Serve - Prefix - NIP\",\"Value\":\"Approx.\",\"Description\":\"Sugars Quantity Per Serve - Prefix - NIP\",\"SortOrder\":649},{\"Id\":911,\"Name\":\"Sugars Quantity Per Serve - SuffixUnits - NIP\",\"Value\":\"g\",\"Description\":\"Sugars Quantity Per Serve - SuffixUnits - NIP\",\"SortOrder\":650},{\"Id\":912,\"Name\":\"Sugars Quantity Per Serve - Total - NIP\",\"Value\":\"Approx.0g\",\"Description\":\"Sugars Quantity Per Serve - Total - NIP\",\"SortOrder\":651},{\"Id\":572,\"Name\":\"Sugars Quantity Per Serve - ValueWord - NIP\",\"Value\":\"0\",\"Description\":\"Sugars Quantity Per Serve - ValueWord - NIP\",\"SortOrder\":652}]}",
        "ovencook": "False",
        "vegetarian": "False",
        "hypo-allergenic": null,
        "timer": null,
        "dermatologistrecommended": null,
        "sapdepartmentno": "5",
        "allergencontains": null,
        "waterresistant": null,
        "friendlydisclaimer": null,
        "recyclableinformation": null,
        "usageinstructions": null,
        "freezable": "False"
      },
      "DetailsImagePaths": [
        "https://cdn0.woolworths.media/content/wowproductimages/large/072511.jpg",
        "https://cdn0.woolworths.media/content/wowproductimages/large/072511_1.jpg",
        "https://cdn0.woolworths.media/content/wowproductimages/large/072511_2.jpg",
        "https://cdn0.woolworths.media/content/wowproductimages/large/072511_3.jpg",
        "https://cdn0.woolworths.media/content/wowproductimages/large/072511_4.jpg"
      ],
      "Variety": "Black Sliced",
      "Rating": {
        "ReviewCount": 0,
        "RatingCount": 0,
        "RatingSum": 0,
        "OneStarCount": 0,
        "TwoStarCount": 0,
        "ThreeStarCount": 0,
        "FourStarCount": 0,
        "FiveStarCount": 0,
        "Average": 0,
        "OneStarPercentage": 0,
        "TwoStarPercentage": 0,
        "ThreeStarPercentage": 0,
        "FourStarPercentage": 0,
        "FiveStarPercentage": 0
      },
      "HasProductSubs": false,
      "IsSponsoredAd": false,
      "AdID": null,
      "AdIndex": null,
      "AdStatus": null,
      "IsMarketProduct": false,
      "IsGiftable": false,
      "Vendor": null,
      "Untraceable": false,
      "ThirdPartyProductInfo": null,
      "MarketFeatures": null,
      "MarketSpecifications": null,
      "SupplyLimitSource": "StockQuantity",
      "Tags": null,
      "IsPersonalisedByPurchaseHistory": false,
      "IsFromFacetedSearch": false,
      "NextAvailabilityDate": "2024-07-11T00:00:00.0000000Z",
      "NumberOfSubstitutes": 0,
      "IsPrimaryVariant": false,
      "VariantGroupId": 0,
      "HasVariants": false,
      "VariantTitle": null,
      "IsTobacco": false,
      "IsB2BExtendedRangeSapCategory": false
    }
  },
  {
    "timestamp": "2024-07-09T11:35:25.733Z",
    "status": "success",
    "productURL": "https://www.woolworths.com.au/shop/productdetails/32842/always-fresh-olives-stuffed-green-pimento",
    "product": {
      "TileID": 0,
      "Stockcode": 32842,
      "Barcode": "9300602604257",
      "GtinFormat": 13,
      "CupPrice": 10.67,
      "InstoreCupPrice": 10.67,
      "CupMeasure": "1KG",
      "CupString": "$10.67 / 1KG",
      "InstoreCupString": "$10.67 / 1KG",
      "HasCupPrice": true,
      "InstoreHasCupPrice": true,
      "Price": 4.8,
      "InstorePrice": 4.8,
      "Name": "Always Fresh Olives Stuffed Green Pimento",
      "DisplayName": "Always Fresh Olives Stuffed Green Pimento 450g",
      "UrlFriendlyName": "always-fresh-olives-stuffed-green-pimento",
      "Description": " Always Fresh Olives Stuffed<br>Green Pimento 450g",
      "SmallImageFile": "https://cdn0.woolworths.media/content/wowproductimages/small/032842.jpg",
      "MediumImageFile": "https://cdn0.woolworths.media/content/wowproductimages/medium/032842.jpg",
      "LargeImageFile": "https://cdn0.woolworths.media/content/wowproductimages/large/032842.jpg",
      "IsNew": false,
      "IsHalfPrice": false,
      "IsOnlineOnly": false,
      "IsOnSpecial": false,
      "InstoreIsOnSpecial": false,
      "IsEdrSpecial": false,
      "SavingsAmount": 0,
      "InstoreSavingsAmount": 0,
      "WasPrice": 4.8,
      "InstoreWasPrice": 4.8,
      "QuantityInTrolley": 0,
      "Unit": "Each",
      "MinimumQuantity": 1,
      "HasBeenBoughtBefore": false,
      "IsInTrolley": false,
      "Source": "ProductDetail",
      "SupplyLimit": 6,
      "ProductLimit": 36,
      "MaxSupplyLimitMessage": "6 item(s) left",
      "IsRanged": true,
      "IsInStock": true,
      "PackageSize": "450g",
      "IsPmDelivery": false,
      "IsForCollection": true,
      "IsForDelivery": true,
      "IsForExpress": true,
      "ProductRestrictionMessage": null,
      "ProductWarningMessage": null,
      "CentreTag": {
        "TagContent": null,
        "TagLink": null,
        "FallbackText": null,
        "TagType": "None",
        "MultibuyData": null,
        "MemberPriceData": null,
        "TagContentText": null,
        "DualImageTagContent": null,
        "PromotionType": "NOT_SET",
        "IsRegisteredRewardCardPromotion": false
      },
      "IsCentreTag": false,
      "ImageTag": {
        "TagContent": null,
        "TagLink": null,
        "FallbackText": "",
        "TagType": "None",
        "MultibuyData": null,
        "MemberPriceData": null,
        "TagContentText": null,
        "DualImageTagContent": null,
        "PromotionType": "NOT_SET",
        "IsRegisteredRewardCardPromotion": false
      },
      "HeaderTag": null,
      "HasHeaderTag": false,
      "UnitWeightInGrams": 724,
      "SupplyLimitMessage": "'Always Fresh Olives Stuffed Green Pimento' has a supply limit of 6. The quantity in your cart has been reduced accordingly. To purchase a larger quantity, please contact us on 1800 000 610. Please note we do not supply trade orders.",
      "SmallFormatDescription": "Always Fresh Olives Stuffed Green Pimento",
      "FullDescription": "Always Fresh Olives Stuffed Green Pimento",
      "IsAvailable": true,
      "InstoreIsAvailable": true,
      "IsPurchasable": true,
      "InstoreIsPurchasable": true,
      "AgeRestricted": false,
      "DisplayQuantity": 1,
      "RichDescription": "Authentic Spanish hojiblanca olives specially filled with traditional pimento peppers, providing a balanced sweet, tangy flavour. Pair with a tapas of Spanish ibérico ham. Crafted in Sevilla, Spain.",
      "HideWasSavedPrice": false,
      "SapCategories": {
        "SapDepartmentName": "GROCERIES",
        "SapCategoryName": "CONDIMENTS",
        "SapSubCategoryName": "RELISHES & PICKLES",
        "SapSegmentName": "OLIVES"
      },
      "Brand": "Always Fresh",
      "IsRestrictedByDeliveryMethod": false,
      "FooterTag": {
        "TagContent": null,
        "TagLink": null,
        "FallbackText": null,
        "TagType": "None",
        "MultibuyData": null,
        "MemberPriceData": null,
        "TagContentText": null,
        "DualImageTagContent": null,
        "PromotionType": "NOT_SET",
        "IsRegisteredRewardCardPromotion": false
      },
      "IsFooterEnabled": false,
      "Diagnostics": "0",
      "IsBundle": false,
      "IsInFamily": false,
      "ChildProducts": [],
      "UrlOverride": null,
      "AdditionalAttributes": {
        "boxedcontents": null,
        "addedvitaminsandminerals": "False",
        "sapdepartmentname": "GROCERIES",
        "spf": null,
        "haircolour": null,
        "lifestyleanddietarystatement": "Gluten Free",
        "sapcategoryname": "CONDIMENTS",
        "skintype": null,
        "importantinformation": null,
        "allergystatement": "Wheat Free",
        "productdepthmm": null,
        "skincondition": null,
        "ophthalmologistapproved": null,
        "healthstarrating": null,
        "hairtype": null,
        "fragrance-free": null,
        "sapsegmentname": "OLIVES",
        "suitablefor": "Vegan, Vegetarian",
        "PiesProductDepartmentsjson": "[{\"Id\":\"1_39FD49C\",\"Description\":\"Pantry\"}]",
        "piessubcategorynamesjson": "[\"Chutney & Relish\",\"Pickled Vegetables\"]",
        "sapsegmentno": "6",
        "productwidthmm": null,
        "contains": null,
        "sapsubcategoryname": "RELISHES & PICKLES",
        "dermatologisttested": null,
        "wool_productpackaging": null,
        "dermatologicallyapproved": null,
        "specialsgroupid": null,
        "productimages": "32842.jpg,32842_1.jpg,32842_2.jpg,32842_3.jpg,32842_4.jpg",
        "productheightmm": null,
        "r&r_hidereviews": null,
        "microwavesafe": "False",
        "paba-free": null,
        "lifestyleclaim": "Vegan, Vegetarian",
        "alcoholfree": null,
        "tgawarning": null,
        "activeconstituents": null,
        "microwaveable": "False",
        "soap-free": null,
        "countryoforigin": null,
        "isexcludedfromsubstitution": "False",
        "productimagecount": "5",
        "r&r_loggedinreviews": null,
        "anti-dandruff": null,
        "servingsize-total-nip": null,
        "tgahealthwarninglink": null,
        "allergenmaybepresent": "Fish",
        "PiesProductDepartmentNodeId": "1_39FD49C",
        "parabenfree": "False",
        "vendorarticleid": null,
        "containsgluten": "False",
        "containsnuts": "False",
        "ingredients": "Stuffed Olives (61%) (Green Hojiblanca Olives, Pimento Paste (Water, Pimento, Thickeners (401, 412))), Water, Salt, Food Acid (330)",
        "colour": null,
        "manufacturer": null,
        "sapcategoryno": "81",
        "storageinstructions": "Refrigerate after opening. Consume within two weeks of opening.",
        "tgawarnings": null,
        "piesdepartmentnamesjson": "[\"Pantry\"]",
        "brand": "always fresh",
        "oilfree": null,
        "fragrance": null,
        "antibacterial": "False",
        "non-comedogenic": null,
        "antiseptic": "False",
        "bpafree": "False",
        "vendorcostprice": null,
        "description": "Authentic Spanish hojiblanca olives specially filled with traditional pimento peppers, providing a balanced sweet, tangy flavour. Pair with a tapas of Spanish ibérico ham. Crafted in Sevilla, Spain.",
        "sweatresistant": null,
        "sapsubcategoryno": "162",
        "antioxidant": "False",
        "claims": null,
        "phbalanced": null,
        "wool_dietaryclaim": null,
        "ophthalmologisttested": null,
        "sulfatefree": "False",
        "servingsperpack-total-nip": null,
        "piescategorynamesjson": "[\"Condiments\"]",
        "nutritionalinformation": "{\"Name\":\"Nutritional Information\",\"Attributes\":[{\"Id\":702,\"Name\":\"Calcium Quantity Per 100g - Total - NIP\",\"Value\":\"52mg\",\"Description\":\"Calcium Quantity Per 100g - Total - NIP\",\"SortOrder\":71},{\"Id\":47,\"Name\":\"Calcium Quantity Per Serve - Total - NIP\",\"Value\":\"10.35mg\",\"Description\":\"Calcium Quantity Per Serve - Total - NIP\",\"SortOrder\":75},{\"Id\":705,\"Name\":\"Carbohydrate Quantity Per 100g - Total - NIP\",\"Value\":\"Approx.2g\",\"Description\":\"Carbohydrate Quantity Per 100g - Total - NIP\",\"SortOrder\":83},{\"Id\":706,\"Name\":\"Carbohydrate Quantity Per Serve - Total - NIP\",\"Value\":\"Approx.0.4g\",\"Description\":\"Carbohydrate Quantity Per Serve - Total - NIP\",\"SortOrder\":87},{\"Id\":191,\"Name\":\"Dietary Fibre Quantity Per 100g - Total - NIP\",\"Value\":\"2.3g\",\"Description\":\"Dietary Fibre Quantity Per 100g - Total - NIP\",\"SortOrder\":175},{\"Id\":120,\"Name\":\"Dietary Fibre Quantity Per Serve - Total - NIP\",\"Value\":\"0.46g\",\"Description\":\"Dietary Fibre Quantity Per Serve - Total - NIP\",\"SortOrder\":179},{\"Id\":759,\"Name\":\"Energy kJ Quantity Per 100g - Total - NIP\",\"Value\":\"Approx.422kJ\",\"Description\":\"Energy kJ Quantity Per 100g - Total - NIP\",\"SortOrder\":239},{\"Id\":760,\"Name\":\"Energy kJ Quantity Per Serve - Total - NIP\",\"Value\":\"Approx.84kJ\",\"Description\":\"Energy kJ Quantity Per Serve - Total - NIP\",\"SortOrder\":243},{\"Id\":253,\"Name\":\"Fat Saturated Quantity Per 100g - Total - NIP\",\"Value\":\"Approx.1.7g\",\"Description\":\"Fat Saturated Quantity Per 100g - Total - NIP\",\"SortOrder\":251},{\"Id\":258,\"Name\":\"Fat Saturated Quantity Per Serve - Total - NIP\",\"Value\":\"Approx.0.3g\",\"Description\":\"Fat Saturated Quantity Per Serve - Total - NIP\",\"SortOrder\":255},{\"Id\":764,\"Name\":\"Fat Total Quantity Per 100g - Total - NIP\",\"Value\":\"Approx.9.4g\",\"Description\":\"Fat Total Quantity Per 100g - Total - NIP\",\"SortOrder\":263},{\"Id\":166,\"Name\":\"Fat Total Quantity Per 100g - ValueWord - NIP\",\"Value\":\"9.4\",\"Description\":\"Fat Total Quantity Per 100g - ValueWord - NIP\",\"SortOrder\":264},{\"Id\":264,\"Name\":\"Fat Total Quantity Per Serve - Total - NIP\",\"Value\":\"Approx.1.9g\",\"Description\":\"Fat Total Quantity Per Serve - Total - NIP\",\"SortOrder\":267},{\"Id\":402,\"Name\":\"Monounsaturated Quantity Per 100g - Total - NIP\",\"Value\":\"14.93g\",\"Description\":\"Monounsaturated Quantity Per 100g - Total - NIP\",\"SortOrder\":479},{\"Id\":834,\"Name\":\"Monounsaturated Quantity Per Serve - Total - NIP\",\"Value\":\"2.97g\",\"Description\":\"Monounsaturated Quantity Per Serve - Total - NIP\",\"SortOrder\":483},{\"Id\":434,\"Name\":\"Polyunsaturated Quantity Per 100g - Total - NIP\",\"Value\":\"2.08g\",\"Description\":\"Polyunsaturated Quantity Per 100g - Total - NIP\",\"SortOrder\":563},{\"Id\":435,\"Name\":\"Polyunsaturated Quantity Per Serve - Total - NIP\",\"Value\":\"0.41g\",\"Description\":\"Polyunsaturated Quantity Per Serve - Total - NIP\",\"SortOrder\":567},{\"Id\":443,\"Name\":\"Potassium Quantity Per 100g - Total - NIP\",\"Value\":\"66mg\",\"Description\":\"Potassium Quantity Per 100g - Total - NIP\",\"SortOrder\":575},{\"Id\":493,\"Name\":\"Potassium Quantity Per Serve - Total - NIP\",\"Value\":\"13.14mg\",\"Description\":\"Potassium Quantity Per Serve - Total - NIP\",\"SortOrder\":579},{\"Id\":878,\"Name\":\"Protein Quantity Per 100g - Total - NIP\",\"Value\":\"Approx.0.7g\",\"Description\":\"Protein Quantity Per 100g - Total - NIP\",\"SortOrder\":587},{\"Id\":882,\"Name\":\"Protein Quantity Per Serve - Total - NIP\",\"Value\":\"Approx.0.1g\",\"Description\":\"Protein Quantity Per Serve - Total - NIP\",\"SortOrder\":591},{\"Id\":477,\"Name\":\"Serving Size - Total - NIP\",\"Value\":\"20g\",\"Description\":\"Serving Size - Total - NIP\",\"SortOrder\":607},{\"Id\":544,\"Name\":\"Servings Per Pack - Total - NIP\",\"Value\":\"13.7\",\"Description\":\"Servings Per Pack - Total - NIP\",\"SortOrder\":611},{\"Id\":491,\"Name\":\"Sodium Quantity Per 100g - Total - NIP\",\"Value\":\"Approx.1570mg\",\"Description\":\"Sodium Quantity Per 100g - Total - NIP\",\"SortOrder\":623},{\"Id\":495,\"Name\":\"Sodium Quantity Per Serve - Total - NIP\",\"Value\":\"Approx.314mg\",\"Description\":\"Sodium Quantity Per Serve - Total - NIP\",\"SortOrder\":627},{\"Id\":907,\"Name\":\"Sugars Quantity Per 100g - Prefix - NIP\",\"Value\":\"Approx.\",\"Description\":\"Sugars Quantity Per 100g - Prefix - NIP\",\"SortOrder\":645},{\"Id\":908,\"Name\":\"Sugars Quantity Per 100g - SuffixUnits - NIP\",\"Value\":\"g\",\"Description\":\"Sugars Quantity Per 100g - SuffixUnits - NIP\",\"SortOrder\":646},{\"Id\":909,\"Name\":\"Sugars Quantity Per 100g - Total - NIP\",\"Value\":\"Approx.0g\",\"Description\":\"Sugars Quantity Per 100g - Total - NIP\",\"SortOrder\":647},{\"Id\":910,\"Name\":\"Sugars Quantity Per 100g - ValueWord - NIP\",\"Value\":\"0\",\"Description\":\"Sugars Quantity Per 100g - ValueWord - NIP\",\"SortOrder\":648},{\"Id\":504,\"Name\":\"Sugars Quantity Per Serve - Prefix - NIP\",\"Value\":\"Approx.\",\"Description\":\"Sugars Quantity Per Serve - Prefix - NIP\",\"SortOrder\":649},{\"Id\":911,\"Name\":\"Sugars Quantity Per Serve - SuffixUnits - NIP\",\"Value\":\"g\",\"Description\":\"Sugars Quantity Per Serve - SuffixUnits - NIP\",\"SortOrder\":650},{\"Id\":912,\"Name\":\"Sugars Quantity Per Serve - Total - NIP\",\"Value\":\"Approx.0g\",\"Description\":\"Sugars Quantity Per Serve - Total - NIP\",\"SortOrder\":651},{\"Id\":572,\"Name\":\"Sugars Quantity Per Serve - ValueWord - NIP\",\"Value\":\"0\",\"Description\":\"Sugars Quantity Per Serve - ValueWord - NIP\",\"SortOrder\":652}]}",
        "ovencook": "False",
        "vegetarian": "False",
        "hypo-allergenic": null,
        "timer": null,
        "dermatologistrecommended": null,
        "sapdepartmentno": "5",
        "allergencontains": null,
        "waterresistant": null,
        "friendlydisclaimer": null,
        "recyclableinformation": null,
        "usageinstructions": null,
        "freezable": "False"
      },
      "DetailsImagePaths": [
        "https://cdn0.woolworths.media/content/wowproductimages/large/032842.jpg",
        "https://cdn0.woolworths.media/content/wowproductimages/large/032842_1.jpg",
        "https://cdn0.woolworths.media/content/wowproductimages/large/032842_2.jpg",
        "https://cdn0.woolworths.media/content/wowproductimages/large/032842_3.jpg",
        "https://cdn0.woolworths.media/content/wowproductimages/large/032842_4.jpg"
      ],
      "Variety": "Pimento",
      "Rating": {
        "ReviewCount": 0,
        "RatingCount": 0,
        "RatingSum": 0,
        "OneStarCount": 0,
        "TwoStarCount": 0,
        "ThreeStarCount": 0,
        "FourStarCount": 0,
        "FiveStarCount": 0,
        "Average": 0,
        "OneStarPercentage": 0,
        "TwoStarPercentage": 0,
        "ThreeStarPercentage": 0,
        "FourStarPercentage": 0,
        "FiveStarPercentage": 0
      },
      "HasProductSubs": false,
      "IsSponsoredAd": false,
      "AdID": null,
      "AdIndex": null,
      "AdStatus": null,
      "IsMarketProduct": false,
      "IsGiftable": false,
      "Vendor": null,
      "Untraceable": false,
      "ThirdPartyProductInfo": null,
      "MarketFeatures": null,
      "MarketSpecifications": null,
      "SupplyLimitSource": "StockQuantity",
      "Tags": null,
      "IsPersonalisedByPurchaseHistory": false,
      "IsFromFacetedSearch": false,
      "NextAvailabilityDate": "2024-07-11T00:00:00.0000000Z",
      "NumberOfSubstitutes": 0,
      "IsPrimaryVariant": false,
      "VariantGroupId": 0,
      "HasVariants": false,
      "VariantTitle": null,
      "IsTobacco": false,
      "IsB2BExtendedRangeSapCategory": false
    }
  },
  {
    "timestamp": "2024-07-09T11:35:25.974Z",
    "status": "success",
    "productURL": "https://www.woolworths.com.au/shop/productdetails/619811/always-fresh-pizza-olives",
    "product": {
      "TileID": 0,
      "Stockcode": 619811,
      "Barcode": "9300602369170",
      "GtinFormat": 13,
      "CupPrice": 0,
      "InstoreCupPrice": 0,
      "CupMeasure": "100G",
      "CupString": "$0.00 / 100G",
      "InstoreCupString": "$0.00 / 100G",
      "HasCupPrice": false,
      "InstoreHasCupPrice": false,
      "Price": 0,
      "InstorePrice": 0,
      "Name": "Always Fresh Pizza Olives",
      "DisplayName": "Always Fresh Pizza Olives 50g",
      "UrlFriendlyName": "always-fresh-pizza-olives",
      "Description": " Always Fresh Pizza Olives  50G",
      "SmallImageFile": "https://cdn0.woolworths.media/content/wowproductimages/small/619811.jpg",
      "MediumImageFile": "https://cdn0.woolworths.media/content/wowproductimages/medium/619811.jpg",
      "LargeImageFile": "https://cdn0.woolworths.media/content/wowproductimages/large/619811.jpg",
      "IsNew": false,
      "IsHalfPrice": false,
      "IsOnlineOnly": false,
      "IsOnSpecial": false,
      "InstoreIsOnSpecial": false,
      "IsEdrSpecial": false,
      "SavingsAmount": 0,
      "InstoreSavingsAmount": 0,
      "WasPrice": 0,
      "InstoreWasPrice": 0,
      "QuantityInTrolley": 0,
      "Unit": "Each",
      "MinimumQuantity": 1,
      "HasBeenBoughtBefore": false,
      "IsInTrolley": false,
      "Source": "ProductDetail",
      "SupplyLimit": 36,
      "ProductLimit": 36,
      "MaxSupplyLimitMessage": "36 item limit",
      "IsRanged": false,
      "IsInStock": false,
      "PackageSize": "50G",
      "IsPmDelivery": false,
      "IsForCollection": true,
      "IsForDelivery": true,
      "IsForExpress": true,
      "ProductRestrictionMessage": null,
      "ProductWarningMessage": null,
      "CentreTag": {
        "TagContent": null,
        "TagLink": null,
        "FallbackText": null,
        "TagType": "None",
        "MultibuyData": null,
        "MemberPriceData": null,
        "TagContentText": null,
        "DualImageTagContent": null,
        "PromotionType": "NOT_SET",
        "IsRegisteredRewardCardPromotion": false
      },
      "IsCentreTag": false,
      "ImageTag": {
        "TagContent": null,
        "TagLink": null,
        "FallbackText": null,
        "TagType": "None",
        "MultibuyData": null,
        "MemberPriceData": null,
        "TagContentText": null,
        "DualImageTagContent": null,
        "PromotionType": "NOT_SET",
        "IsRegisteredRewardCardPromotion": false
      },
      "HeaderTag": null,
      "HasHeaderTag": false,
      "UnitWeightInGrams": 56,
      "SupplyLimitMessage": "'Always Fresh Pizza Olives' has a supply limit of 36. The quantity in your cart has been reduced accordingly. To purchase a larger quantity, please contact us on 1800 000 610. Please note we do not supply trade orders.",
      "SmallFormatDescription": "Always Fresh Pizza Olives ",
      "FullDescription": "Always Fresh Pizza Olives ",
      "IsAvailable": false,
      "InstoreIsAvailable": false,
      "IsPurchasable": false,
      "InstoreIsPurchasable": false,
      "AgeRestricted": false,
      "DisplayQuantity": 1,
      "RichDescription": "<p>- Drained - no mess.</p><p>- Convenient size - no wastage.</p><p>- Perfect Combination of Herbs.</p><p>- With Extra Virgin Olive Oil.</p><p>Authentic Greek Olives.</p>",
      "HideWasSavedPrice": true,
      "SapCategories": {
        "SapDepartmentName": "GROCERIES",
        "SapCategoryName": "CONDIMENTS",
        "SapSubCategoryName": "RELISHES & PICKLES",
        "SapSegmentName": "OLIVES"
      },
      "Brand": "Always Fresh",
      "IsRestrictedByDeliveryMethod": false,
      "FooterTag": {
        "TagContent": null,
        "TagLink": null,
        "FallbackText": null,
        "TagType": "None",
        "MultibuyData": null,
        "MemberPriceData": null,
        "TagContentText": null,
        "DualImageTagContent": null,
        "PromotionType": "NOT_SET",
        "IsRegisteredRewardCardPromotion": false
      },
      "IsFooterEnabled": false,
      "Diagnostics": "0",
      "IsBundle": false,
      "IsInFamily": false,
      "ChildProducts": [],
      "UrlOverride": null,
      "AdditionalAttributes": {
        "boxedcontents": null,
        "addedvitaminsandminerals": "False",
        "sapdepartmentname": "GROCERIES",
        "spf": null,
        "haircolour": null,
        "lifestyleanddietarystatement": "Gluten Free",
        "sapcategoryname": "CONDIMENTS",
        "skintype": null,
        "importantinformation": null,
        "allergystatement": "Wheat Free",
        "productdepthmm": null,
        "skincondition": null,
        "ophthalmologistapproved": null,
        "healthstarrating": null,
        "hairtype": null,
        "fragrance-free": null,
        "sapsegmentname": "OLIVES",
        "suitablefor": null,
        "PiesProductDepartmentsjson": "[{\"Id\":\"1_39FD49C\",\"Description\":\"Pantry\"}]",
        "piessubcategorynamesjson": "[\"Pickled Vegetables\"]",
        "sapsegmentno": "6",
        "productwidthmm": null,
        "contains": null,
        "sapsubcategoryname": "RELISHES & PICKLES",
        "dermatologisttested": null,
        "wool_productpackaging": null,
        "dermatologicallyapproved": null,
        "specialsgroupid": null,
        "productimages": "619811.jpg,619811_1.jpg,619811_2.jpg",
        "productheightmm": null,
        "r&r_hidereviews": null,
        "microwavesafe": "False",
        "paba-free": null,
        "lifestyleclaim": null,
        "alcoholfree": null,
        "tgawarning": null,
        "activeconstituents": null,
        "microwaveable": "False",
        "soap-free": null,
        "countryoforigin": null,
        "isexcludedfromsubstitution": "False",
        "productimagecount": "3",
        "r&r_loggedinreviews": null,
        "anti-dandruff": null,
        "servingsize-total-nip": null,
        "tgahealthwarninglink": null,
        "allergenmaybepresent": "Milk, Tree Nuts",
        "PiesProductDepartmentNodeId": "1_39FD49C",
        "parabenfree": "False",
        "vendorarticleid": null,
        "containsgluten": "False",
        "containsnuts": "False",
        "ingredients": "Halved Kalamata Olives (95%) (Olives, Salt, Food Acid (270)), Extra Virgin Olive Oil (2%), Sunflower Oil, Vinegar, Rosemary (0.3%), Oregano (0.1%), Acidity Regulator (270).",
        "colour": null,
        "manufacturer": null,
        "sapcategoryno": "81",
        "storageinstructions": "Consume immediately after opening.",
        "tgawarnings": null,
        "piesdepartmentnamesjson": "[\"Pantry\"]",
        "brand": "always fresh",
        "oilfree": null,
        "fragrance": null,
        "antibacterial": "False",
        "non-comedogenic": null,
        "antiseptic": "False",
        "bpafree": "False",
        "vendorcostprice": null,
        "description": "<p>- Drained - no mess.</p><p>- Convenient size - no wastage.</p><p>- Perfect Combination of Herbs.</p><p>- With Extra Virgin Olive Oil.</p><p>Authentic Greek Olives.</p>",
        "sweatresistant": null,
        "sapsubcategoryno": "162",
        "antioxidant": "False",
        "claims": null,
        "phbalanced": null,
        "wool_dietaryclaim": null,
        "ophthalmologisttested": null,
        "sulfatefree": "False",
        "servingsperpack-total-nip": null,
        "piescategorynamesjson": "[\"Condiments\"]",
        "nutritionalinformation": "{\"Name\":\"Nutritional Information\",\"Attributes\":[{\"Id\":702,\"Name\":\"Calcium Quantity Per 100g - Total - NIP\",\"Value\":\"52mg\",\"Description\":\"Calcium Quantity Per 100g - Total - NIP\",\"SortOrder\":71},{\"Id\":47,\"Name\":\"Calcium Quantity Per Serve - Total - NIP\",\"Value\":\"26mg\",\"Description\":\"Calcium Quantity Per Serve - Total - NIP\",\"SortOrder\":75},{\"Id\":705,\"Name\":\"Carbohydrate Quantity Per 100g - Total - NIP\",\"Value\":\"0.4g\",\"Description\":\"Carbohydrate Quantity Per 100g - Total - NIP\",\"SortOrder\":83},{\"Id\":706,\"Name\":\"Carbohydrate Quantity Per Serve - Total - NIP\",\"Value\":\"0.2g\",\"Description\":\"Carbohydrate Quantity Per Serve - Total - NIP\",\"SortOrder\":87},{\"Id\":191,\"Name\":\"Dietary Fibre Quantity Per 100g - Total - NIP\",\"Value\":\"2.3g\",\"Description\":\"Dietary Fibre Quantity Per 100g - Total - NIP\",\"SortOrder\":175},{\"Id\":120,\"Name\":\"Dietary Fibre Quantity Per Serve - Total - NIP\",\"Value\":\"1.15g\",\"Description\":\"Dietary Fibre Quantity Per Serve - Total - NIP\",\"SortOrder\":179},{\"Id\":759,\"Name\":\"Energy kJ Quantity Per 100g - Total - NIP\",\"Value\":\"944kJ\",\"Description\":\"Energy kJ Quantity Per 100g - Total - NIP\",\"SortOrder\":239},{\"Id\":760,\"Name\":\"Energy kJ Quantity Per Serve - Total - NIP\",\"Value\":\"472kJ\",\"Description\":\"Energy kJ Quantity Per Serve - Total - NIP\",\"SortOrder\":243},{\"Id\":253,\"Name\":\"Fat Saturated Quantity Per 100g - Total - NIP\",\"Value\":\"2.7g\",\"Description\":\"Fat Saturated Quantity Per 100g - Total - NIP\",\"SortOrder\":251},{\"Id\":258,\"Name\":\"Fat Saturated Quantity Per Serve - Total - NIP\",\"Value\":\"1.4g\",\"Description\":\"Fat Saturated Quantity Per Serve - Total - NIP\",\"SortOrder\":255},{\"Id\":764,\"Name\":\"Fat Total Quantity Per 100g - Total - NIP\",\"Value\":\"22.3g\",\"Description\":\"Fat Total Quantity Per 100g - Total - NIP\",\"SortOrder\":263},{\"Id\":166,\"Name\":\"Fat Total Quantity Per 100g - ValueWord - NIP\",\"Value\":\"22.3\",\"Description\":\"Fat Total Quantity Per 100g - ValueWord - NIP\",\"SortOrder\":264},{\"Id\":264,\"Name\":\"Fat Total Quantity Per Serve - Total - NIP\",\"Value\":\"11.2g\",\"Description\":\"Fat Total Quantity Per Serve - Total - NIP\",\"SortOrder\":267},{\"Id\":402,\"Name\":\"Monounsaturated Quantity Per 100g - Total - NIP\",\"Value\":\"14.93g\",\"Description\":\"Monounsaturated Quantity Per 100g - Total - NIP\",\"SortOrder\":479},{\"Id\":834,\"Name\":\"Monounsaturated Quantity Per Serve - Total - NIP\",\"Value\":\"7.47g\",\"Description\":\"Monounsaturated Quantity Per Serve - Total - NIP\",\"SortOrder\":483},{\"Id\":434,\"Name\":\"Polyunsaturated Quantity Per 100g - Total - NIP\",\"Value\":\"2.08g\",\"Description\":\"Polyunsaturated Quantity Per 100g - Total - NIP\",\"SortOrder\":563},{\"Id\":435,\"Name\":\"Polyunsaturated Quantity Per Serve - Total - NIP\",\"Value\":\"1.04g\",\"Description\":\"Polyunsaturated Quantity Per Serve - Total - NIP\",\"SortOrder\":567},{\"Id\":443,\"Name\":\"Potassium Quantity Per 100g - Total - NIP\",\"Value\":\"66mg\",\"Description\":\"Potassium Quantity Per 100g - Total - NIP\",\"SortOrder\":575},{\"Id\":493,\"Name\":\"Potassium Quantity Per Serve - Total - NIP\",\"Value\":\"33mg\",\"Description\":\"Potassium Quantity Per Serve - Total - NIP\",\"SortOrder\":579},{\"Id\":878,\"Name\":\"Protein Quantity Per 100g - Total - NIP\",\"Value\":\"1.5g\",\"Description\":\"Protein Quantity Per 100g - Total - NIP\",\"SortOrder\":587},{\"Id\":882,\"Name\":\"Protein Quantity Per Serve - Total - NIP\",\"Value\":\"0.8g\",\"Description\":\"Protein Quantity Per Serve - Total - NIP\",\"SortOrder\":591},{\"Id\":477,\"Name\":\"Serving Size - Total - NIP\",\"Value\":\"50g\",\"Description\":\"Serving Size - Total - NIP\",\"SortOrder\":607},{\"Id\":544,\"Name\":\"Servings Per Pack - Total - NIP\",\"Value\":\"1\",\"Description\":\"Servings Per Pack - Total - NIP\",\"SortOrder\":611},{\"Id\":491,\"Name\":\"Sodium Quantity Per 100g - Total - NIP\",\"Value\":\"800mg\",\"Description\":\"Sodium Quantity Per 100g - Total - NIP\",\"SortOrder\":623},{\"Id\":495,\"Name\":\"Sodium Quantity Per Serve - Total - NIP\",\"Value\":\"400mg\",\"Description\":\"Sodium Quantity Per Serve - Total - NIP\",\"SortOrder\":627},{\"Id\":907,\"Name\":\"Sugars Quantity Per 100g - Prefix - NIP\",\"Value\":null,\"Description\":\"Sugars Quantity Per 100g - Prefix - NIP\",\"SortOrder\":645},{\"Id\":908,\"Name\":\"Sugars Quantity Per 100g - SuffixUnits - NIP\",\"Value\":\"g\",\"Description\":\"Sugars Quantity Per 100g - SuffixUnits - NIP\",\"SortOrder\":646},{\"Id\":909,\"Name\":\"Sugars Quantity Per 100g - Total - NIP\",\"Value\":\"0.0g\",\"Description\":\"Sugars Quantity Per 100g - Total - NIP\",\"SortOrder\":647},{\"Id\":910,\"Name\":\"Sugars Quantity Per 100g - ValueWord - NIP\",\"Value\":\"0.0\",\"Description\":\"Sugars Quantity Per 100g - ValueWord - NIP\",\"SortOrder\":648},{\"Id\":504,\"Name\":\"Sugars Quantity Per Serve - Prefix - NIP\",\"Value\":null,\"Description\":\"Sugars Quantity Per Serve - Prefix - NIP\",\"SortOrder\":649},{\"Id\":911,\"Name\":\"Sugars Quantity Per Serve - SuffixUnits - NIP\",\"Value\":\"g\",\"Description\":\"Sugars Quantity Per Serve - SuffixUnits - NIP\",\"SortOrder\":650},{\"Id\":912,\"Name\":\"Sugars Quantity Per Serve - Total - NIP\",\"Value\":\"0.0g\",\"Description\":\"Sugars Quantity Per Serve - Total - NIP\",\"SortOrder\":651},{\"Id\":572,\"Name\":\"Sugars Quantity Per Serve - ValueWord - NIP\",\"Value\":\"0.0\",\"Description\":\"Sugars Quantity Per Serve - ValueWord - NIP\",\"SortOrder\":652}]}",
        "ovencook": "False",
        "vegetarian": "False",
        "hypo-allergenic": null,
        "timer": null,
        "dermatologistrecommended": null,
        "sapdepartmentno": "5",
        "allergencontains": null,
        "waterresistant": null,
        "friendlydisclaimer": null,
        "recyclableinformation": null,
        "usageinstructions": null,
        "freezable": "False"
      },
      "DetailsImagePaths": [
        "https://cdn0.woolworths.media/content/wowproductimages/large/619811.jpg",
        "https://cdn0.woolworths.media/content/wowproductimages/large/619811_1.jpg",
        "https://cdn0.woolworths.media/content/wowproductimages/large/619811_2.jpg"
      ],
      "Variety": null,
      "Rating": {
        "ReviewCount": 0,
        "RatingCount": 0,
        "RatingSum": 0,
        "OneStarCount": 0,
        "TwoStarCount": 0,
        "ThreeStarCount": 0,
        "FourStarCount": 0,
        "FiveStarCount": 0,
        "Average": 0,
        "OneStarPercentage": 0,
        "TwoStarPercentage": 0,
        "ThreeStarPercentage": 0,
        "FourStarPercentage": 0,
        "FiveStarPercentage": 0
      },
      "HasProductSubs": false,
      "IsSponsoredAd": false,
      "AdID": null,
      "AdIndex": null,
      "AdStatus": null,
      "IsMarketProduct": false,
      "IsGiftable": false,
      "Vendor": null,
      "Untraceable": false,
      "ThirdPartyProductInfo": null,
      "MarketFeatures": null,
      "MarketSpecifications": null,
      "SupplyLimitSource": "ProductLimit",
      "Tags": null,
      "IsPersonalisedByPurchaseHistory": false,
      "IsFromFacetedSearch": false,
      "NextAvailabilityDate": null,
      "NumberOfSubstitutes": 0,
      "IsPrimaryVariant": false,
      "VariantGroupId": 0,
      "HasVariants": false,
      "VariantTitle": null,
      "IsTobacco": false,
      "IsB2BExtendedRangeSapCategory": false
    }
  },
  {
    "timestamp": "2024-07-09T11:35:26.209Z",
    "status": "success",
    "productURL": "https://www.woolworths.com.au/shop/productdetails/465076/always-fresh-roasted-pepper-strips",
    "product": {
      "TileID": 0,
      "Stockcode": 465076,
      "Barcode": "9300602368845",
      "GtinFormat": 13,
      "CupPrice": 15.81,
      "InstoreCupPrice": 15.81,
      "CupMeasure": "1KG",
      "CupString": "$15.81 / 1KG",
      "InstoreCupString": "$15.81 / 1KG",
      "HasCupPrice": true,
      "InstoreHasCupPrice": true,
      "Price": 4.9,
      "InstorePrice": 4.9,
      "Name": "Always Fresh Roasted Pepper Strips",
      "DisplayName": "Always Fresh Roasted Pepper Strips 310g",
      "UrlFriendlyName": "always-fresh-roasted-pepper-strips",
      "Description": " Always Fresh Roasted Pepper<br>Strips  310G",
      "SmallImageFile": "https://cdn0.woolworths.media/content/wowproductimages/small/465076.jpg",
      "MediumImageFile": "https://cdn0.woolworths.media/content/wowproductimages/medium/465076.jpg",
      "LargeImageFile": "https://cdn0.woolworths.media/content/wowproductimages/large/465076.jpg",
      "IsNew": false,
      "IsHalfPrice": false,
      "IsOnlineOnly": false,
      "IsOnSpecial": false,
      "InstoreIsOnSpecial": false,
      "IsEdrSpecial": false,
      "SavingsAmount": 0,
      "InstoreSavingsAmount": 0,
      "WasPrice": 4.9,
      "InstoreWasPrice": 4.9,
      "QuantityInTrolley": 0,
      "Unit": "Each",
      "MinimumQuantity": 1,
      "HasBeenBoughtBefore": false,
      "IsInTrolley": false,
      "Source": "ProductDetail",
      "SupplyLimit": 8,
      "ProductLimit": 36,
      "MaxSupplyLimitMessage": "8 item(s) left",
      "IsRanged": true,
      "IsInStock": true,
      "PackageSize": "310G",
      "IsPmDelivery": false,
      "IsForCollection": true,
      "IsForDelivery": true,
      "IsForExpress": true,
      "ProductRestrictionMessage": null,
      "ProductWarningMessage": null,
      "CentreTag": {
        "TagContent": "<span>Was $5.50 - 28/05/2024</span>",
        "TagLink": null,
        "FallbackText": null,
        "TagType": "Html",
        "MultibuyData": null,
        "MemberPriceData": null,
        "TagContentText": "Was $5.50 - 28/05/2024",
        "DualImageTagContent": null,
        "PromotionType": "NOT_SET",
        "IsRegisteredRewardCardPromotion": false
      },
      "IsCentreTag": true,
      "ImageTag": {
        "TagContent": null,
        "TagLink": null,
        "FallbackText": "",
        "TagType": "None",
        "MultibuyData": null,
        "MemberPriceData": null,
        "TagContentText": null,
        "DualImageTagContent": null,
        "PromotionType": "NOT_SET",
        "IsRegisteredRewardCardPromotion": false
      },
      "HeaderTag": {
        "BackgroundColor": "#fff",
        "BorderColor": "#c20016",
        "TextColor": "#c20016",
        "Content": "<span class=\"u-semibold\">Prices dropped</span>",
        "TagLink": null,
        "Promotion": "PriceDropped"
      },
      "HasHeaderTag": true,
      "UnitWeightInGrams": 532,
      "SupplyLimitMessage": "'Always Fresh Roasted Pepper Strips' has a supply limit of 8. The quantity in your cart has been reduced accordingly. To purchase a larger quantity, please contact us on 1800 000 610. Please note we do not supply trade orders.",
      "SmallFormatDescription": "Always Fresh Roasted Pepper Strips ",
      "FullDescription": "Always Fresh Roasted Pepper Strips ",
      "IsAvailable": true,
      "InstoreIsAvailable": true,
      "IsPurchasable": true,
      "InstoreIsPurchasable": true,
      "AgeRestricted": false,
      "DisplayQuantity": 1,
      "RichDescription": "Fresh peppers, fire roasted and marinated in a mix of herbs and spices to deliver the perfect flavour. Crafted in Manisa, Turkey.",
      "HideWasSavedPrice": false,
      "SapCategories": {
        "SapDepartmentName": "GROCERIES",
        "SapCategoryName": "CONDIMENTS",
        "SapSubCategoryName": "RELISHES & PICKLES",
        "SapSegmentName": "PICKLED VEGETABLES"
      },
      "Brand": "Always Fresh",
      "IsRestrictedByDeliveryMethod": false,
      "FooterTag": {
        "TagContent": "Price Dropped",
        "TagLink": null,
        "FallbackText": null,
        "TagType": "Html",
        "MultibuyData": null,
        "MemberPriceData": null,
        "TagContentText": null,
        "DualImageTagContent": null,
        "PromotionType": "NOT_SET",
        "IsRegisteredRewardCardPromotion": false
      },
      "IsFooterEnabled": true,
      "Diagnostics": "0",
      "IsBundle": false,
      "IsInFamily": false,
      "ChildProducts": [],
      "UrlOverride": null,
      "AdditionalAttributes": {
        "boxedcontents": null,
        "addedvitaminsandminerals": "False",
        "sapdepartmentname": "GROCERIES",
        "spf": null,
        "haircolour": null,
        "lifestyleanddietarystatement": "Vegetarian",
        "sapcategoryname": "CONDIMENTS",
        "skintype": null,
        "importantinformation": null,
        "allergystatement": "Wheat Free",
        "productdepthmm": null,
        "skincondition": null,
        "ophthalmologistapproved": null,
        "healthstarrating": null,
        "hairtype": null,
        "fragrance-free": null,
        "sapsegmentname": "PICKLED VEGETABLES",
        "suitablefor": "Vegan, Vegetarian",
        "PiesProductDepartmentsjson": "[{\"Id\":\"1_39FD49C\",\"Description\":\"Pantry\"}]",
        "piessubcategorynamesjson": "[\"Chutney & Relish\",\"Pickled Vegetables\"]",
        "sapsegmentno": "2",
        "productwidthmm": null,
        "contains": null,
        "sapsubcategoryname": "RELISHES & PICKLES",
        "dermatologisttested": null,
        "wool_productpackaging": null,
        "dermatologicallyapproved": null,
        "specialsgroupid": null,
        "productimages": "465076.jpg,465076_1.jpg,465076_2.jpg,465076_3.jpg,465076_4.jpg",
        "productheightmm": null,
        "r&r_hidereviews": null,
        "microwavesafe": "False",
        "paba-free": null,
        "lifestyleclaim": "Vegan, Vegetarian",
        "alcoholfree": null,
        "tgawarning": null,
        "activeconstituents": null,
        "microwaveable": "False",
        "soap-free": null,
        "countryoforigin": null,
        "isexcludedfromsubstitution": "False",
        "productimagecount": "5",
        "r&r_loggedinreviews": null,
        "anti-dandruff": null,
        "servingsize-total-nip": null,
        "tgahealthwarninglink": null,
        "allergenmaybepresent": null,
        "PiesProductDepartmentNodeId": "1_39FD49C",
        "parabenfree": "False",
        "vendorarticleid": null,
        "containsgluten": "False",
        "containsnuts": "False",
        "ingredients": "Fire Roasted Red Pepper Strips (54%), Water, Food Acid (260), Sugar, Salt, Mustard Seeds",
        "colour": null,
        "manufacturer": null,
        "sapcategoryno": "81",
        "storageinstructions": "Refrigerate after opening. Consume within two days of opening.",
        "tgawarnings": null,
        "piesdepartmentnamesjson": "[\"Pantry\"]",
        "brand": "always fresh",
        "oilfree": null,
        "fragrance": null,
        "antibacterial": "False",
        "non-comedogenic": null,
        "antiseptic": "False",
        "bpafree": "False",
        "vendorcostprice": null,
        "description": "Fresh peppers, fire roasted and marinated in a mix of herbs and spices to deliver the perfect flavour. Crafted in Manisa, Turkey.",
        "sweatresistant": null,
        "sapsubcategoryno": "162",
        "antioxidant": "False",
        "claims": null,
        "phbalanced": null,
        "wool_dietaryclaim": null,
        "ophthalmologisttested": null,
        "sulfatefree": "False",
        "servingsperpack-total-nip": null,
        "piescategorynamesjson": "[\"Condiments\"]",
        "nutritionalinformation": "{\"Name\":\"Nutritional Information\",\"Attributes\":[{\"Id\":702,\"Name\":\"Calcium Quantity Per 100g - Total - NIP\",\"Value\":\"4mg\",\"Description\":\"Calcium Quantity Per 100g - Total - NIP\",\"SortOrder\":71},{\"Id\":47,\"Name\":\"Calcium Quantity Per Serve - Total - NIP\",\"Value\":\"2mg\",\"Description\":\"Calcium Quantity Per Serve - Total - NIP\",\"SortOrder\":75},{\"Id\":705,\"Name\":\"Carbohydrate Quantity Per 100g - Total - NIP\",\"Value\":\"Approx.7g\",\"Description\":\"Carbohydrate Quantity Per 100g - Total - NIP\",\"SortOrder\":83},{\"Id\":706,\"Name\":\"Carbohydrate Quantity Per Serve - Total - NIP\",\"Value\":\"Approx.3.5g\",\"Description\":\"Carbohydrate Quantity Per Serve - Total - NIP\",\"SortOrder\":87},{\"Id\":714,\"Name\":\"Cholesterol Quantity Per 100g - Total - NIP\",\"Value\":\"1mg\",\"Description\":\"Cholesterol Quantity Per 100g - Total - NIP\",\"SortOrder\":111},{\"Id\":125,\"Name\":\"Cholesterol Quantity Per Serve - Total - NIP\",\"Value\":\"0.5mg\",\"Description\":\"Cholesterol Quantity Per Serve - Total - NIP\",\"SortOrder\":115},{\"Id\":191,\"Name\":\"Dietary Fibre Quantity Per 100g - Total - NIP\",\"Value\":\"1.9g\",\"Description\":\"Dietary Fibre Quantity Per 100g - Total - NIP\",\"SortOrder\":175},{\"Id\":120,\"Name\":\"Dietary Fibre Quantity Per Serve - Total - NIP\",\"Value\":\"0.95g\",\"Description\":\"Dietary Fibre Quantity Per Serve - Total - NIP\",\"SortOrder\":179},{\"Id\":759,\"Name\":\"Energy kJ Quantity Per 100g - Total - NIP\",\"Value\":\"Approx.158kJ\",\"Description\":\"Energy kJ Quantity Per 100g - Total - NIP\",\"SortOrder\":239},{\"Id\":760,\"Name\":\"Energy kJ Quantity Per Serve - Total - NIP\",\"Value\":\"Approx.79kJ\",\"Description\":\"Energy kJ Quantity Per Serve - Total - NIP\",\"SortOrder\":243},{\"Id\":253,\"Name\":\"Fat Saturated Quantity Per 100g - Total - NIP\",\"Value\":\"Approx.0.1g\",\"Description\":\"Fat Saturated Quantity Per 100g - Total - NIP\",\"SortOrder\":251},{\"Id\":258,\"Name\":\"Fat Saturated Quantity Per Serve - Total - NIP\",\"Value\":\"Approx.0.1g\",\"Description\":\"Fat Saturated Quantity Per Serve - Total - NIP\",\"SortOrder\":255},{\"Id\":764,\"Name\":\"Fat Total Quantity Per 100g - Total - NIP\",\"Value\":\"Approx.0.4g\",\"Description\":\"Fat Total Quantity Per 100g - Total - NIP\",\"SortOrder\":263},{\"Id\":166,\"Name\":\"Fat Total Quantity Per 100g - ValueWord - NIP\",\"Value\":\"0.4\",\"Description\":\"Fat Total Quantity Per 100g - ValueWord - NIP\",\"SortOrder\":264},{\"Id\":264,\"Name\":\"Fat Total Quantity Per Serve - Total - NIP\",\"Value\":\"Approx.0.2g\",\"Description\":\"Fat Total Quantity Per Serve - Total - NIP\",\"SortOrder\":267},{\"Id\":402,\"Name\":\"Monounsaturated Quantity Per 100g - Total - NIP\",\"Value\":\"3.25g\",\"Description\":\"Monounsaturated Quantity Per 100g - Total - NIP\",\"SortOrder\":479},{\"Id\":834,\"Name\":\"Monounsaturated Quantity Per Serve - Total - NIP\",\"Value\":\"1.63g\",\"Description\":\"Monounsaturated Quantity Per Serve - Total - NIP\",\"SortOrder\":483},{\"Id\":434,\"Name\":\"Polyunsaturated Quantity Per 100g - Total - NIP\",\"Value\":\"1g\",\"Description\":\"Polyunsaturated Quantity Per 100g - Total - NIP\",\"SortOrder\":563},{\"Id\":435,\"Name\":\"Polyunsaturated Quantity Per Serve - Total - NIP\",\"Value\":\"0.5g\",\"Description\":\"Polyunsaturated Quantity Per Serve - Total - NIP\",\"SortOrder\":567},{\"Id\":443,\"Name\":\"Potassium Quantity Per 100g - Total - NIP\",\"Value\":\"184mg\",\"Description\":\"Potassium Quantity Per 100g - Total - NIP\",\"SortOrder\":575},{\"Id\":493,\"Name\":\"Potassium Quantity Per Serve - Total - NIP\",\"Value\":\"92mg\",\"Description\":\"Potassium Quantity Per Serve - Total - NIP\",\"SortOrder\":579},{\"Id\":878,\"Name\":\"Protein Quantity Per 100g - Total - NIP\",\"Value\":\"Approx.0.9g\",\"Description\":\"Protein Quantity Per 100g - Total - NIP\",\"SortOrder\":587},{\"Id\":882,\"Name\":\"Protein Quantity Per Serve - Total - NIP\",\"Value\":\"Approx.0.5g\",\"Description\":\"Protein Quantity Per Serve - Total - NIP\",\"SortOrder\":591},{\"Id\":477,\"Name\":\"Serving Size - Total - NIP\",\"Value\":\"50g\",\"Description\":\"Serving Size - Total - NIP\",\"SortOrder\":607},{\"Id\":544,\"Name\":\"Servings Per Pack - Total - NIP\",\"Value\":\"3.3\",\"Description\":\"Servings Per Pack - Total - NIP\",\"SortOrder\":611},{\"Id\":491,\"Name\":\"Sodium Quantity Per 100g - Total - NIP\",\"Value\":\"Approx.551mg\",\"Description\":\"Sodium Quantity Per 100g - Total - NIP\",\"SortOrder\":623},{\"Id\":495,\"Name\":\"Sodium Quantity Per Serve - Total - NIP\",\"Value\":\"Approx.276mg\",\"Description\":\"Sodium Quantity Per Serve - Total - NIP\",\"SortOrder\":627},{\"Id\":907,\"Name\":\"Sugars Quantity Per 100g - Prefix - NIP\",\"Value\":\"Approx.\",\"Description\":\"Sugars Quantity Per 100g - Prefix - NIP\",\"SortOrder\":645},{\"Id\":908,\"Name\":\"Sugars Quantity Per 100g - SuffixUnits - NIP\",\"Value\":\"g\",\"Description\":\"Sugars Quantity Per 100g - SuffixUnits - NIP\",\"SortOrder\":646},{\"Id\":909,\"Name\":\"Sugars Quantity Per 100g - Total - NIP\",\"Value\":\"Approx.6.2g\",\"Description\":\"Sugars Quantity Per 100g - Total - NIP\",\"SortOrder\":647},{\"Id\":910,\"Name\":\"Sugars Quantity Per 100g - ValueWord - NIP\",\"Value\":\"6.2\",\"Description\":\"Sugars Quantity Per 100g - ValueWord - NIP\",\"SortOrder\":648},{\"Id\":504,\"Name\":\"Sugars Quantity Per Serve - Prefix - NIP\",\"Value\":\"Approx.\",\"Description\":\"Sugars Quantity Per Serve - Prefix - NIP\",\"SortOrder\":649},{\"Id\":911,\"Name\":\"Sugars Quantity Per Serve - SuffixUnits - NIP\",\"Value\":\"g\",\"Description\":\"Sugars Quantity Per Serve - SuffixUnits - NIP\",\"SortOrder\":650},{\"Id\":912,\"Name\":\"Sugars Quantity Per Serve - Total - NIP\",\"Value\":\"Approx.3.1g\",\"Description\":\"Sugars Quantity Per Serve - Total - NIP\",\"SortOrder\":651},{\"Id\":572,\"Name\":\"Sugars Quantity Per Serve - ValueWord - NIP\",\"Value\":\"3.1\",\"Description\":\"Sugars Quantity Per Serve - ValueWord - NIP\",\"SortOrder\":652},{\"Id\":593,\"Name\":\"Trans Quantity Per 100g - Total - NIP\",\"Value\":\"40.2mg\",\"Description\":\"Trans Quantity Per 100g - Total - NIP\",\"SortOrder\":667},{\"Id\":510,\"Name\":\"Trans Quantity Per Serve - Total - NIP\",\"Value\":\"20.1mg\",\"Description\":\"Trans Quantity Per Serve - Total - NIP\",\"SortOrder\":671}]}",
        "ovencook": "False",
        "vegetarian": "False",
        "hypo-allergenic": null,
        "timer": null,
        "dermatologistrecommended": null,
        "sapdepartmentno": "5",
        "allergencontains": "Mustard",
        "waterresistant": null,
        "friendlydisclaimer": null,
        "recyclableinformation": null,
        "usageinstructions": null,
        "freezable": "False"
      },
      "DetailsImagePaths": [
        "https://cdn0.woolworths.media/content/wowproductimages/large/465076.jpg",
        "https://cdn0.woolworths.media/content/wowproductimages/large/465076_1.jpg",
        "https://cdn0.woolworths.media/content/wowproductimages/large/465076_2.jpg",
        "https://cdn0.woolworths.media/content/wowproductimages/large/465076_3.jpg",
        "https://cdn0.woolworths.media/content/wowproductimages/large/465076_4.jpg"
      ],
      "Variety": null,
      "Rating": {
        "ReviewCount": 0,
        "RatingCount": 0,
        "RatingSum": 0,
        "OneStarCount": 0,
        "TwoStarCount": 0,
        "ThreeStarCount": 0,
        "FourStarCount": 0,
        "FiveStarCount": 0,
        "Average": 0,
        "OneStarPercentage": 0,
        "TwoStarPercentage": 0,
        "ThreeStarPercentage": 0,
        "FourStarPercentage": 0,
        "FiveStarPercentage": 0
      },
      "HasProductSubs": false,
      "IsSponsoredAd": false,
      "AdID": null,
      "AdIndex": null,
      "AdStatus": null,
      "IsMarketProduct": false,
      "IsGiftable": false,
      "Vendor": null,
      "Untraceable": false,
      "ThirdPartyProductInfo": null,
      "MarketFeatures": null,
      "MarketSpecifications": null,
      "SupplyLimitSource": "StockQuantity",
      "Tags": [
        {
          "Content": {
            "Type": "Label",
            "Position": "Top",
            "Attributes": {
              "Text": "<span class=\"u-semibold\">Prices dropped</span>",
              "Promotion": "PriceDropped",
              "BackgroundColor": "#fff",
              "BorderColor": "#c20016",
              "TextColor": "#c20016"
            }
          },
          "TemplateId": null,
          "Metadata": null
        },
        {
          "Content": {
            "Type": "PromotionInformation",
            "Position": "Top",
            "Attributes": {
              "TagLink": null,
              "Text": "Was $5.50 - 28/05/2024",
              "Html": "<span>Was $5.50 - 28/05/2024</span>",
              "IsRegisteredRewardCardPromotion": "False"
            }
          },
          "TemplateId": null,
          "Metadata": null
        }
      ],
      "IsPersonalisedByPurchaseHistory": false,
      "IsFromFacetedSearch": false,
      "NextAvailabilityDate": "2024-07-11T00:00:00.0000000Z",
      "NumberOfSubstitutes": 0,
      "IsPrimaryVariant": false,
      "VariantGroupId": 0,
      "HasVariants": false,
      "VariantTitle": null,
      "IsTobacco": false,
      "IsB2BExtendedRangeSapCategory": false
    }
  },
  {
    "timestamp": "2024-07-09T11:35:26.489Z",
    "status": "success",
    "productURL": "https://www.woolworths.com.au/shop/productdetails/223482/always-fresh-tocchetti-olive-onion",
    "product": {
      "TileID": 0,
      "Stockcode": 223482,
      "Barcode": "9300602372668",
      "GtinFormat": 13,
      "CupPrice": 0,
      "InstoreCupPrice": 0,
      "CupMeasure": "100G",
      "CupString": "$0.00 / 100G",
      "InstoreCupString": "$0.00 / 100G",
      "HasCupPrice": false,
      "InstoreHasCupPrice": false,
      "Price": 0,
      "InstorePrice": 0,
      "Name": "Always Fresh Tocchetti Olive & Onion",
      "DisplayName": "Always Fresh Tocchetti Olive & Onion 100g",
      "UrlFriendlyName": "always-fresh-tocchetti-olive-onion",
      "Description": " Always Fresh Tocchetti Olive<br>& Onion  100g",
      "SmallImageFile": "https://cdn0.woolworths.media/content/wowproductimages/small/223482.jpg",
      "MediumImageFile": "https://cdn0.woolworths.media/content/wowproductimages/medium/223482.jpg",
      "LargeImageFile": "https://cdn0.woolworths.media/content/wowproductimages/large/223482.jpg",
      "IsNew": false,
      "IsHalfPrice": false,
      "IsOnlineOnly": false,
      "IsOnSpecial": false,
      "InstoreIsOnSpecial": false,
      "IsEdrSpecial": false,
      "SavingsAmount": 0,
      "InstoreSavingsAmount": 0,
      "WasPrice": 0,
      "InstoreWasPrice": 0,
      "QuantityInTrolley": 0,
      "Unit": "Each",
      "MinimumQuantity": 1,
      "HasBeenBoughtBefore": false,
      "IsInTrolley": false,
      "Source": "ProductDetail",
      "SupplyLimit": 36,
      "ProductLimit": 36,
      "MaxSupplyLimitMessage": "36 item limit",
      "IsRanged": false,
      "IsInStock": false,
      "PackageSize": "100g",
      "IsPmDelivery": false,
      "IsForCollection": true,
      "IsForDelivery": true,
      "IsForExpress": true,
      "ProductRestrictionMessage": null,
      "ProductWarningMessage": null,
      "CentreTag": {
        "TagContent": null,
        "TagLink": null,
        "FallbackText": null,
        "TagType": "None",
        "MultibuyData": null,
        "MemberPriceData": null,
        "TagContentText": null,
        "DualImageTagContent": null,
        "PromotionType": "NOT_SET",
        "IsRegisteredRewardCardPromotion": false
      },
      "IsCentreTag": false,
      "ImageTag": {
        "TagContent": null,
        "TagLink": null,
        "FallbackText": null,
        "TagType": "None",
        "MultibuyData": null,
        "MemberPriceData": null,
        "TagContentText": null,
        "DualImageTagContent": null,
        "PromotionType": "NOT_SET",
        "IsRegisteredRewardCardPromotion": false
      },
      "HeaderTag": null,
      "HasHeaderTag": false,
      "UnitWeightInGrams": 128,
      "SupplyLimitMessage": "'Always Fresh Tocchetti Olive & Onion' has a supply limit of 36. The quantity in your cart has been reduced accordingly. To purchase a larger quantity, please contact us on 1800 000 610. Please note we do not supply trade orders.",
      "SmallFormatDescription": "Always Fresh Tocchetti Olive & Onion ",
      "FullDescription": "Always Fresh Tocchetti Olive & Onion ",
      "IsAvailable": false,
      "InstoreIsAvailable": false,
      "IsPurchasable": false,
      "InstoreIsPurchasable": false,
      "AgeRestricted": false,
      "DisplayQuantity": 1,
      "RichDescription": null,
      "HideWasSavedPrice": true,
      "SapCategories": {
        "SapDepartmentName": "GROCERIES",
        "SapCategoryName": "BISCUITS",
        "SapSubCategoryName": "BISCUITS - SAVOURY",
        "SapSegmentName": "ENTERTAINING"
      },
      "Brand": "Always Fresh",
      "IsRestrictedByDeliveryMethod": false,
      "FooterTag": {
        "TagContent": null,
        "TagLink": null,
        "FallbackText": null,
        "TagType": "None",
        "MultibuyData": null,
        "MemberPriceData": null,
        "TagContentText": null,
        "DualImageTagContent": null,
        "PromotionType": "NOT_SET",
        "IsRegisteredRewardCardPromotion": false
      },
      "IsFooterEnabled": false,
      "Diagnostics": "0",
      "IsBundle": false,
      "IsInFamily": false,
      "ChildProducts": [],
      "UrlOverride": null,
      "AdditionalAttributes": {
        "boxedcontents": null,
        "addedvitaminsandminerals": "False",
        "sapdepartmentname": "GROCERIES",
        "spf": null,
        "haircolour": null,
        "lifestyleanddietarystatement": null,
        "sapcategoryname": "BISCUITS",
        "skintype": null,
        "importantinformation": null,
        "allergystatement": null,
        "productdepthmm": null,
        "skincondition": null,
        "ophthalmologistapproved": null,
        "healthstarrating": null,
        "hairtype": null,
        "fragrance-free": null,
        "sapsegmentname": "ENTERTAINING",
        "suitablefor": null,
        "PiesProductDepartmentsjson": "[{\"Id\":\"1_717445A\",\"Description\":\"Snacks & Confectionery\"}]",
        "piessubcategorynamesjson": "[\"Biscuits & Cookies\",\"Crackers\"]",
        "sapsegmentno": "2",
        "productwidthmm": null,
        "contains": null,
        "sapsubcategoryname": "BISCUITS - SAVOURY",
        "dermatologisttested": null,
        "wool_productpackaging": null,
        "dermatologicallyapproved": null,
        "specialsgroupid": null,
        "productimages": "223482.jpg,223482_1.jpg,223482_2.jpg,223482_3.jpg",
        "productheightmm": null,
        "r&r_hidereviews": null,
        "microwavesafe": "False",
        "paba-free": null,
        "lifestyleclaim": null,
        "alcoholfree": null,
        "tgawarning": null,
        "activeconstituents": null,
        "microwaveable": "False",
        "soap-free": null,
        "countryoforigin": null,
        "isexcludedfromsubstitution": "False",
        "productimagecount": "4",
        "r&r_loggedinreviews": null,
        "anti-dandruff": null,
        "servingsize-total-nip": null,
        "tgahealthwarninglink": null,
        "allergenmaybepresent": null,
        "PiesProductDepartmentNodeId": "1_717445A",
        "parabenfree": "False",
        "vendorarticleid": null,
        "containsgluten": "False",
        "containsnuts": "False",
        "ingredients": null,
        "colour": null,
        "manufacturer": null,
        "sapcategoryno": "53",
        "storageinstructions": null,
        "tgawarnings": null,
        "piesdepartmentnamesjson": "[\"Snacks & Confectionery\"]",
        "brand": "always fresh",
        "oilfree": null,
        "fragrance": null,
        "antibacterial": "False",
        "non-comedogenic": null,
        "antiseptic": "False",
        "bpafree": "False",
        "vendorcostprice": null,
        "description": null,
        "sweatresistant": null,
        "sapsubcategoryno": "158",
        "antioxidant": "False",
        "claims": null,
        "phbalanced": null,
        "wool_dietaryclaim": null,
        "ophthalmologisttested": null,
        "sulfatefree": "False",
        "servingsperpack-total-nip": null,
        "piescategorynamesjson": "[\"Biscuits & Crackers\"]",
        "nutritionalinformation": null,
        "ovencook": "False",
        "vegetarian": "False",
        "hypo-allergenic": null,
        "timer": null,
        "dermatologistrecommended": null,
        "sapdepartmentno": "5",
        "allergencontains": null,
        "waterresistant": null,
        "friendlydisclaimer": null,
        "recyclableinformation": null,
        "usageinstructions": null,
        "freezable": "False"
      },
      "DetailsImagePaths": [
        "https://cdn0.woolworths.media/content/wowproductimages/large/223482.jpg",
        "https://cdn0.woolworths.media/content/wowproductimages/large/223482_1.jpg",
        "https://cdn0.woolworths.media/content/wowproductimages/large/223482_2.jpg",
        "https://cdn0.woolworths.media/content/wowproductimages/large/223482_3.jpg"
      ],
      "Variety": null,
      "Rating": {
        "ReviewCount": 0,
        "RatingCount": 0,
        "RatingSum": 0,
        "OneStarCount": 0,
        "TwoStarCount": 0,
        "ThreeStarCount": 0,
        "FourStarCount": 0,
        "FiveStarCount": 0,
        "Average": 0,
        "OneStarPercentage": 0,
        "TwoStarPercentage": 0,
        "ThreeStarPercentage": 0,
        "FourStarPercentage": 0,
        "FiveStarPercentage": 0
      },
      "HasProductSubs": false,
      "IsSponsoredAd": false,
      "AdID": null,
      "AdIndex": null,
      "AdStatus": null,
      "IsMarketProduct": false,
      "IsGiftable": false,
      "Vendor": null,
      "Untraceable": false,
      "ThirdPartyProductInfo": null,
      "MarketFeatures": null,
      "MarketSpecifications": null,
      "SupplyLimitSource": "ProductLimit",
      "Tags": null,
      "IsPersonalisedByPurchaseHistory": false,
      "IsFromFacetedSearch": false,
      "NextAvailabilityDate": null,
      "NumberOfSubstitutes": 0,
      "IsPrimaryVariant": false,
      "VariantGroupId": 0,
      "HasVariants": false,
      "VariantTitle": null,
      "IsTobacco": false,
      "IsB2BExtendedRangeSapCategory": false
    }
  },
  {
    "timestamp": "2024-07-09T11:35:26.648Z",
    "status": "success",
    "productURL": "https://www.woolworths.com.au/shop/productdetails/465135/always-fresh-traditional-sauerkraut",
    "product": {
      "TileID": 0,
      "Stockcode": 465135,
      "Barcode": "9300602366612",
      "GtinFormat": 13,
      "CupPrice": 6.52,
      "InstoreCupPrice": 6.52,
      "CupMeasure": "1KG",
      "CupString": "$6.52 / 1KG",
      "InstoreCupString": "$6.52 / 1KG",
      "HasCupPrice": true,
      "InstoreHasCupPrice": true,
      "Price": 3,
      "InstorePrice": 3,
      "Name": "Always Fresh Traditional Sauerkraut",
      "DisplayName": "Always Fresh Traditional Sauerkraut 460g",
      "UrlFriendlyName": "always-fresh-traditional-sauerkraut",
      "Description": " Always Fresh Traditional<br>Sauerkraut  460G",
      "SmallImageFile": "https://cdn0.woolworths.media/content/wowproductimages/small/465135.jpg",
      "MediumImageFile": "https://cdn0.woolworths.media/content/wowproductimages/medium/465135.jpg",
      "LargeImageFile": "https://cdn0.woolworths.media/content/wowproductimages/large/465135.jpg",
      "IsNew": false,
      "IsHalfPrice": false,
      "IsOnlineOnly": false,
      "IsOnSpecial": true,
      "InstoreIsOnSpecial": true,
      "IsEdrSpecial": false,
      "SavingsAmount": 0.8,
      "InstoreSavingsAmount": 0.8,
      "WasPrice": 3.8,
      "InstoreWasPrice": 3.8,
      "QuantityInTrolley": 0,
      "Unit": "Each",
      "MinimumQuantity": 1,
      "HasBeenBoughtBefore": false,
      "IsInTrolley": false,
      "Source": "ProductDetail",
      "SupplyLimit": 12,
      "ProductLimit": 36,
      "MaxSupplyLimitMessage": "12 item(s) left",
      "IsRanged": true,
      "IsInStock": true,
      "PackageSize": "460G",
      "IsPmDelivery": false,
      "IsForCollection": true,
      "IsForDelivery": true,
      "IsForExpress": true,
      "ProductRestrictionMessage": null,
      "ProductWarningMessage": null,
      "CentreTag": {
        "TagContent": null,
        "TagLink": null,
        "FallbackText": null,
        "TagType": "None",
        "MultibuyData": null,
        "MemberPriceData": null,
        "TagContentText": null,
        "DualImageTagContent": null,
        "PromotionType": "NOT_SET",
        "IsRegisteredRewardCardPromotion": false
      },
      "IsCentreTag": false,
      "ImageTag": {
        "TagContent": "/content/promotiontags/roundel-special-200x200.png",
        "TagLink": "",
        "FallbackText": "On Special",
        "TagType": "None",
        "MultibuyData": null,
        "MemberPriceData": null,
        "TagContentText": null,
        "DualImageTagContent": null,
        "PromotionType": "NOT_SET",
        "IsRegisteredRewardCardPromotion": false
      },
      "HeaderTag": {
        "BackgroundColor": "#fd0",
        "BorderColor": "#fd0",
        "TextColor": "#000",
        "Content": "Save $0.80",
        "TagLink": null,
        "Promotion": "Special"
      },
      "HasHeaderTag": true,
      "UnitWeightInGrams": 708,
      "SupplyLimitMessage": "'Always Fresh Traditional Sauerkraut' has a supply limit of 12. The quantity in your cart has been reduced accordingly. To purchase a larger quantity, please contact us on 1800 000 610. Please note we do not supply trade orders.",
      "SmallFormatDescription": "Always Fresh Traditional Sauerkraut ",
      "FullDescription": "Always Fresh Traditional Sauerkraut ",
      "IsAvailable": true,
      "InstoreIsAvailable": true,
      "IsPurchasable": true,
      "InstoreIsPurchasable": true,
      "AgeRestricted": false,
      "DisplayQuantity": 1,
      "RichDescription": "Always Fresh Sauerkraut - Polish is crafted in Zabno, Poland.",
      "HideWasSavedPrice": false,
      "SapCategories": {
        "SapDepartmentName": "GROCERIES",
        "SapCategoryName": "CONDIMENTS",
        "SapSubCategoryName": "RELISHES & PICKLES",
        "SapSegmentName": "PICKLED VEGETABLES"
      },
      "Brand": "Always Fresh",
      "IsRestrictedByDeliveryMethod": false,
      "FooterTag": {
        "TagContent": null,
        "TagLink": null,
        "FallbackText": null,
        "TagType": "None",
        "MultibuyData": null,
        "MemberPriceData": null,
        "TagContentText": null,
        "DualImageTagContent": null,
        "PromotionType": "NOT_SET",
        "IsRegisteredRewardCardPromotion": false
      },
      "IsFooterEnabled": false,
      "Diagnostics": "0",
      "IsBundle": false,
      "IsInFamily": false,
      "ChildProducts": [],
      "UrlOverride": null,
      "AdditionalAttributes": {
        "boxedcontents": null,
        "addedvitaminsandminerals": "False",
        "sapdepartmentname": "GROCERIES",
        "spf": null,
        "haircolour": null,
        "lifestyleanddietarystatement": "Low Fat",
        "sapcategoryname": "CONDIMENTS",
        "skintype": null,
        "importantinformation": null,
        "allergystatement": "Dairy Free",
        "productdepthmm": null,
        "skincondition": null,
        "ophthalmologistapproved": null,
        "healthstarrating": null,
        "hairtype": null,
        "fragrance-free": null,
        "sapsegmentname": "PICKLED VEGETABLES",
        "suitablefor": null,
        "PiesProductDepartmentsjson": "[{\"Id\":\"1_39FD49C\",\"Description\":\"Pantry\"}]",
        "piessubcategorynamesjson": "[\"Chutney & Relish\",\"Pickled Vegetables\"]",
        "sapsegmentno": "2",
        "productwidthmm": null,
        "contains": null,
        "sapsubcategoryname": "RELISHES & PICKLES",
        "dermatologisttested": null,
        "wool_productpackaging": null,
        "dermatologicallyapproved": null,
        "specialsgroupid": null,
        "productimages": "465135.jpg",
        "productheightmm": null,
        "r&r_hidereviews": null,
        "microwavesafe": "False",
        "paba-free": null,
        "lifestyleclaim": null,
        "alcoholfree": null,
        "tgawarning": null,
        "activeconstituents": null,
        "microwaveable": "False",
        "soap-free": null,
        "countryoforigin": null,
        "isexcludedfromsubstitution": "False",
        "productimagecount": "1",
        "r&r_loggedinreviews": null,
        "anti-dandruff": null,
        "servingsize-total-nip": null,
        "tgahealthwarninglink": null,
        "allergenmaybepresent": "Gluten, Soy, Wheat",
        "PiesProductDepartmentNodeId": "1_39FD49C",
        "parabenfree": "False",
        "vendorarticleid": null,
        "containsgluten": "False",
        "containsnuts": "False",
        "ingredients": "White Cabbage (95%), Water, Salt, Wine Vinegar.<br>",
        "colour": null,
        "manufacturer": null,
        "sapcategoryno": "81",
        "storageinstructions": "Refrigerate after opening. ",
        "tgawarnings": null,
        "piesdepartmentnamesjson": "[\"Pantry\"]",
        "brand": "always fresh",
        "oilfree": null,
        "fragrance": null,
        "antibacterial": "False",
        "non-comedogenic": null,
        "antiseptic": "False",
        "bpafree": "False",
        "vendorcostprice": null,
        "description": "Always Fresh Sauerkraut - Polish is crafted in Zabno, Poland.",
        "sweatresistant": null,
        "sapsubcategoryno": "162",
        "antioxidant": "False",
        "claims": null,
        "phbalanced": null,
        "wool_dietaryclaim": null,
        "ophthalmologisttested": null,
        "sulfatefree": "False",
        "servingsperpack-total-nip": null,
        "piescategorynamesjson": "[\"Condiments\"]",
        "nutritionalinformation": "{\"Name\":\"Nutritional Information\",\"Attributes\":[{\"Id\":702,\"Name\":\"Calcium Quantity Per 100g - Total - NIP\",\"Value\":\"50mg\",\"Description\":\"Calcium Quantity Per 100g - Total - NIP\",\"SortOrder\":71},{\"Id\":47,\"Name\":\"Calcium Quantity Per Serve - Total - NIP\",\"Value\":\"100mg\",\"Description\":\"Calcium Quantity Per Serve - Total - NIP\",\"SortOrder\":75},{\"Id\":705,\"Name\":\"Carbohydrate Quantity Per 100g - Total - NIP\",\"Value\":\"2.1g\",\"Description\":\"Carbohydrate Quantity Per 100g - Total - NIP\",\"SortOrder\":83},{\"Id\":706,\"Name\":\"Carbohydrate Quantity Per Serve - Total - NIP\",\"Value\":\"4.2g\",\"Description\":\"Carbohydrate Quantity Per Serve - Total - NIP\",\"SortOrder\":87},{\"Id\":191,\"Name\":\"Dietary Fibre Quantity Per 100g - Total - NIP\",\"Value\":\"2.8g\",\"Description\":\"Dietary Fibre Quantity Per 100g - Total - NIP\",\"SortOrder\":175},{\"Id\":120,\"Name\":\"Dietary Fibre Quantity Per Serve - Total - NIP\",\"Value\":\"5.6g\",\"Description\":\"Dietary Fibre Quantity Per Serve - Total - NIP\",\"SortOrder\":179},{\"Id\":759,\"Name\":\"Energy kJ Quantity Per 100g - Total - NIP\",\"Value\":\"76kJ\",\"Description\":\"Energy kJ Quantity Per 100g - Total - NIP\",\"SortOrder\":239},{\"Id\":760,\"Name\":\"Energy kJ Quantity Per Serve - Total - NIP\",\"Value\":\"152kJ\",\"Description\":\"Energy kJ Quantity Per Serve - Total - NIP\",\"SortOrder\":243},{\"Id\":253,\"Name\":\"Fat Saturated Quantity Per 100g - Total - NIP\",\"Value\":\"0.1g\",\"Description\":\"Fat Saturated Quantity Per 100g - Total - NIP\",\"SortOrder\":251},{\"Id\":258,\"Name\":\"Fat Saturated Quantity Per Serve - Total - NIP\",\"Value\":\"0.2g\",\"Description\":\"Fat Saturated Quantity Per Serve - Total - NIP\",\"SortOrder\":255},{\"Id\":764,\"Name\":\"Fat Total Quantity Per 100g - Total - NIP\",\"Value\":\"0.2g\",\"Description\":\"Fat Total Quantity Per 100g - Total - NIP\",\"SortOrder\":263},{\"Id\":166,\"Name\":\"Fat Total Quantity Per 100g - ValueWord - NIP\",\"Value\":\"0.2\",\"Description\":\"Fat Total Quantity Per 100g - ValueWord - NIP\",\"SortOrder\":264},{\"Id\":264,\"Name\":\"Fat Total Quantity Per Serve - Total - NIP\",\"Value\":\"0.4g\",\"Description\":\"Fat Total Quantity Per Serve - Total - NIP\",\"SortOrder\":267},{\"Id\":443,\"Name\":\"Potassium Quantity Per 100g - Total - NIP\",\"Value\":\"180mg\",\"Description\":\"Potassium Quantity Per 100g - Total - NIP\",\"SortOrder\":575},{\"Id\":493,\"Name\":\"Potassium Quantity Per Serve - Total - NIP\",\"Value\":\"360mg\",\"Description\":\"Potassium Quantity Per Serve - Total - NIP\",\"SortOrder\":579},{\"Id\":878,\"Name\":\"Protein Quantity Per 100g - Total - NIP\",\"Value\":\"0.9g\",\"Description\":\"Protein Quantity Per 100g - Total - NIP\",\"SortOrder\":587},{\"Id\":882,\"Name\":\"Protein Quantity Per Serve - Total - NIP\",\"Value\":\"1.8g\",\"Description\":\"Protein Quantity Per Serve - Total - NIP\",\"SortOrder\":591},{\"Id\":477,\"Name\":\"Serving Size - Total - NIP\",\"Value\":\"200g\",\"Description\":\"Serving Size - Total - NIP\",\"SortOrder\":607},{\"Id\":544,\"Name\":\"Servings Per Pack - Total - NIP\",\"Value\":\"2.3\",\"Description\":\"Servings Per Pack - Total - NIP\",\"SortOrder\":611},{\"Id\":491,\"Name\":\"Sodium Quantity Per 100g - Total - NIP\",\"Value\":\"689mg\",\"Description\":\"Sodium Quantity Per 100g - Total - NIP\",\"SortOrder\":623},{\"Id\":495,\"Name\":\"Sodium Quantity Per Serve - Total - NIP\",\"Value\":\"1378mg\",\"Description\":\"Sodium Quantity Per Serve - Total - NIP\",\"SortOrder\":627},{\"Id\":907,\"Name\":\"Sugars Quantity Per 100g - Prefix - NIP\",\"Value\":null,\"Description\":\"Sugars Quantity Per 100g - Prefix - NIP\",\"SortOrder\":645},{\"Id\":908,\"Name\":\"Sugars Quantity Per 100g - SuffixUnits - NIP\",\"Value\":\"g\",\"Description\":\"Sugars Quantity Per 100g - SuffixUnits - NIP\",\"SortOrder\":646},{\"Id\":909,\"Name\":\"Sugars Quantity Per 100g - Total - NIP\",\"Value\":\"0.5g\",\"Description\":\"Sugars Quantity Per 100g - Total - NIP\",\"SortOrder\":647},{\"Id\":910,\"Name\":\"Sugars Quantity Per 100g - ValueWord - NIP\",\"Value\":\"0.5\",\"Description\":\"Sugars Quantity Per 100g - ValueWord - NIP\",\"SortOrder\":648},{\"Id\":504,\"Name\":\"Sugars Quantity Per Serve - Prefix - NIP\",\"Value\":null,\"Description\":\"Sugars Quantity Per Serve - Prefix - NIP\",\"SortOrder\":649},{\"Id\":911,\"Name\":\"Sugars Quantity Per Serve - SuffixUnits - NIP\",\"Value\":\"g\",\"Description\":\"Sugars Quantity Per Serve - SuffixUnits - NIP\",\"SortOrder\":650},{\"Id\":912,\"Name\":\"Sugars Quantity Per Serve - Total - NIP\",\"Value\":\"1.0g\",\"Description\":\"Sugars Quantity Per Serve - Total - NIP\",\"SortOrder\":651},{\"Id\":572,\"Name\":\"Sugars Quantity Per Serve - ValueWord - NIP\",\"Value\":\"1.0\",\"Description\":\"Sugars Quantity Per Serve - ValueWord - NIP\",\"SortOrder\":652}]}",
        "ovencook": "False",
        "vegetarian": "False",
        "hypo-allergenic": null,
        "timer": null,
        "dermatologistrecommended": null,
        "sapdepartmentno": "5",
        "allergencontains": null,
        "waterresistant": null,
        "friendlydisclaimer": null,
        "recyclableinformation": null,
        "usageinstructions": null,
        "freezable": "False"
      },
      "DetailsImagePaths": [
        "https://cdn0.woolworths.media/content/wowproductimages/large/465135.jpg"
      ],
      "Variety": null,
      "Rating": {
        "ReviewCount": 0,
        "RatingCount": 0,
        "RatingSum": 0,
        "OneStarCount": 0,
        "TwoStarCount": 0,
        "ThreeStarCount": 0,
        "FourStarCount": 0,
        "FiveStarCount": 0,
        "Average": 0,
        "OneStarPercentage": 0,
        "TwoStarPercentage": 0,
        "ThreeStarPercentage": 0,
        "FourStarPercentage": 0,
        "FiveStarPercentage": 0
      },
      "HasProductSubs": false,
      "IsSponsoredAd": false,
      "AdID": null,
      "AdIndex": null,
      "AdStatus": null,
      "IsMarketProduct": false,
      "IsGiftable": false,
      "Vendor": null,
      "Untraceable": false,
      "ThirdPartyProductInfo": null,
      "MarketFeatures": null,
      "MarketSpecifications": null,
      "SupplyLimitSource": "StockQuantity",
      "Tags": [
        {
          "Content": {
            "Type": "Label",
            "Position": "Top",
            "Attributes": {
              "Text": "Save $0.80",
              "Promotion": "Special",
              "BackgroundColor": "#fd0",
              "BorderColor": "#fd0",
              "TextColor": "#000"
            }
          },
          "TemplateId": null,
          "Metadata": null
        },
        {
          "Content": {
            "Type": "Roundel",
            "Position": "Top",
            "Attributes": {
              "ImagePath": "/content/promotiontags/roundel-special-200x200.png",
              "FallbackText": "On Special"
            }
          },
          "TemplateId": null,
          "Metadata": null
        }
      ],
      "IsPersonalisedByPurchaseHistory": false,
      "IsFromFacetedSearch": false,
      "NextAvailabilityDate": "2024-07-11T00:00:00.0000000Z",
      "NumberOfSubstitutes": 0,
      "IsPrimaryVariant": false,
      "VariantGroupId": 0,
      "HasVariants": false,
      "VariantTitle": null,
      "IsTobacco": false,
      "IsB2BExtendedRangeSapCategory": false
    }
  },
  {
    "timestamp": "2024-07-09T11:35:26.915Z",
    "status": "error",
    "productURL": "https://www.woolworths.com.au/shop/productdetails/806464/amanda-slim-corona",
    "error": {}
  },
  {
    "timestamp": "2024-07-09T11:35:27.257Z",
    "status": "success",
    "productURL": "https://www.woolworths.com.au/shop/productdetails/64505/amarula-cream-liqueur",
    "product": {
      "TileID": 0,
      "Stockcode": 64505,
      "Barcode": "6001495062508",
      "GtinFormat": 13,
      "CupPrice": 0,
      "InstoreCupPrice": 0,
      "CupMeasure": "0",
      "CupString": "",
      "InstoreCupString": "",
      "HasCupPrice": false,
      "InstoreHasCupPrice": false,
      "Price": 39,
      "InstorePrice": 39,
      "Name": "Amarula Cream Liqueur",
      "DisplayName": "Amarula Cream Liqueur 700ml",
      "UrlFriendlyName": "amarula-cream-liqueur",
      "Description": " Amarula Cream Liqueur  700mL",
      "SmallImageFile": "https://cdn0.woolworths.media/content/wowproductimages/small/064505.jpg",
      "MediumImageFile": "https://cdn0.woolworths.media/content/wowproductimages/medium/064505.jpg",
      "LargeImageFile": "https://cdn0.woolworths.media/content/wowproductimages/large/064505.jpg",
      "IsNew": false,
      "IsHalfPrice": false,
      "IsOnlineOnly": false,
      "IsOnSpecial": false,
      "InstoreIsOnSpecial": false,
      "IsEdrSpecial": false,
      "SavingsAmount": 0,
      "InstoreSavingsAmount": 0,
      "WasPrice": 39,
      "InstoreWasPrice": 39,
      "QuantityInTrolley": 0,
      "Unit": "Each",
      "MinimumQuantity": 1,
      "HasBeenBoughtBefore": false,
      "IsInTrolley": false,
      "Source": "ProductDetail",
      "SupplyLimit": 2,
      "ProductLimit": 36,
      "MaxSupplyLimitMessage": "2 item(s) left",
      "IsRanged": true,
      "IsInStock": false,
      "PackageSize": "700mL",
      "IsPmDelivery": true,
      "IsForCollection": true,
      "IsForDelivery": true,
      "IsForExpress": true,
      "ProductRestrictionMessage": null,
      "ProductWarningMessage": null,
      "CentreTag": {
        "TagContent": null,
        "TagLink": null,
        "FallbackText": null,
        "TagType": "None",
        "MultibuyData": null,
        "MemberPriceData": null,
        "TagContentText": null,
        "DualImageTagContent": null,
        "PromotionType": "NOT_SET",
        "IsRegisteredRewardCardPromotion": false
      },
      "IsCentreTag": false,
      "ImageTag": {
        "TagContent": null,
        "TagLink": null,
        "FallbackText": null,
        "TagType": "None",
        "MultibuyData": null,
        "MemberPriceData": null,
        "TagContentText": null,
        "DualImageTagContent": null,
        "PromotionType": "NOT_SET",
        "IsRegisteredRewardCardPromotion": false
      },
      "HeaderTag": null,
      "HasHeaderTag": false,
      "UnitWeightInGrams": 700,
      "SupplyLimitMessage": "'Amarula Cream Liqueur' has a supply limit of 2. The quantity in your cart has been reduced accordingly. To purchase a larger quantity, please contact us on 1800 000 610. Please note we do not supply trade orders.",
      "SmallFormatDescription": "Amarula Cream Liqueur ",
      "FullDescription": "Amarula Cream Liqueur ",
      "IsAvailable": false,
      "InstoreIsAvailable": true,
      "IsPurchasable": false,
      "InstoreIsPurchasable": false,
      "AgeRestricted": true,
      "DisplayQuantity": 1,
      "RichDescription": "Amarula Cream is made with the fruit of the African Marula tree and is a native liqueur of South Africa. For an exotic alternative to your favourite creamy liqueur, look out for the elephant on the label and try this deliciously smooth blend of fruit, sugar and cream.<br><br><strong>Spirit Type: </strong>Liqueur<br><strong>Varietal: </strong>Cream Liqueurs<br><strong>Alcohol %: </strong>17<br><strong>Standard Drinks: </strong>9.4<br><strong>Country Of Origin: </strong>South Africa",
      "HideWasSavedPrice": true,
      "SapCategories": {
        "SapDepartmentName": "LIQUOR",
        "SapCategoryName": "SPIRITS",
        "SapSubCategoryName": "LIQUEURS",
        "SapSegmentName": "LIQUEURS - CREAM BASED"
      },
      "Brand": "Amarula",
      "IsRestrictedByDeliveryMethod": false,
      "FooterTag": {
        "TagContent": null,
        "TagLink": null,
        "FallbackText": null,
        "TagType": "None",
        "MultibuyData": null,
        "MemberPriceData": null,
        "TagContentText": null,
        "DualImageTagContent": null,
        "PromotionType": "NOT_SET",
        "IsRegisteredRewardCardPromotion": false
      },
      "IsFooterEnabled": true,
      "Diagnostics": "0",
      "IsBundle": false,
      "IsInFamily": false,
      "ChildProducts": [],
      "UrlOverride": null,
      "AdditionalAttributes": {
        "boxedcontents": null,
        "addedvitaminsandminerals": "False",
        "sapdepartmentname": "LIQUOR",
        "spf": null,
        "haircolour": null,
        "lifestyleanddietarystatement": null,
        "sapcategoryname": "SPIRITS",
        "skintype": null,
        "importantinformation": null,
        "allergystatement": null,
        "productdepthmm": null,
        "skincondition": null,
        "ophthalmologistapproved": null,
        "healthstarrating": null,
        "hairtype": null,
        "fragrance-free": null,
        "sapsegmentname": "LIQUEURS - CREAM BASED",
        "suitablefor": null,
        "PiesProductDepartmentsjson": "[{\"Id\":\"1_8E4DA6F\",\"Description\":\"Beer, Wine & Spirits\"}]",
        "piessubcategorynamesjson": "[\"Liqueurs\"]",
        "sapsegmentno": "5",
        "productwidthmm": null,
        "contains": null,
        "sapsubcategoryname": "LIQUEURS",
        "dermatologisttested": null,
        "wool_productpackaging": null,
        "dermatologicallyapproved": null,
        "specialsgroupid": null,
        "productimages": "64505.jpg",
        "productheightmm": null,
        "r&r_hidereviews": null,
        "microwavesafe": "False",
        "paba-free": null,
        "lifestyleclaim": null,
        "alcoholfree": null,
        "tgawarning": null,
        "activeconstituents": null,
        "microwaveable": "False",
        "soap-free": null,
        "countryoforigin": null,
        "isexcludedfromsubstitution": "True",
        "productimagecount": "1",
        "r&r_loggedinreviews": null,
        "anti-dandruff": null,
        "servingsize-total-nip": null,
        "tgahealthwarninglink": null,
        "allergenmaybepresent": null,
        "PiesProductDepartmentNodeId": "1_8E4DA6F",
        "parabenfree": "False",
        "vendorarticleid": null,
        "containsgluten": "False",
        "containsnuts": "False",
        "ingredients": null,
        "colour": null,
        "manufacturer": null,
        "sapcategoryno": "51",
        "storageinstructions": null,
        "tgawarnings": null,
        "piesdepartmentnamesjson": "[\"Beer, Wine & Spirits\"]",
        "brand": "amarula",
        "oilfree": null,
        "fragrance": null,
        "antibacterial": "False",
        "non-comedogenic": null,
        "antiseptic": "False",
        "bpafree": "False",
        "vendorcostprice": null,
        "description": "Amarula Cream is made with the fruit of the African Marula tree and is a native liqueur of South Africa. For an exotic alternative to your favourite creamy liqueur, look out for the elephant on the label and try this deliciously smooth blend of fruit, sugar and cream.<br><br><strong>Spirit Type: </strong>Liqueur<br><strong>Varietal: </strong>Cream Liqueurs<br><strong>Alcohol %: </strong>17<br><strong>Standard Drinks: </strong>9.4<br><strong>Country Of Origin: </strong>South Africa",
        "sweatresistant": null,
        "sapsubcategoryno": "386",
        "antioxidant": "False",
        "claims": null,
        "phbalanced": null,
        "wool_dietaryclaim": null,
        "ophthalmologisttested": null,
        "sulfatefree": "False",
        "servingsperpack-total-nip": null,
        "piescategorynamesjson": "[\"Spirits\"]",
        "nutritionalinformation": null,
        "ovencook": "False",
        "vegetarian": "False",
        "hypo-allergenic": null,
        "timer": null,
        "dermatologistrecommended": null,
        "sapdepartmentno": "20",
        "allergencontains": null,
        "waterresistant": null,
        "friendlydisclaimer": null,
        "recyclableinformation": null,
        "usageinstructions": null,
        "freezable": "False"
      },
      "DetailsImagePaths": [
        "https://cdn0.woolworths.media/content/wowproductimages/large/064505.jpg"
      ],
      "Variety": null,
      "Rating": {
        "ReviewCount": 0,
        "RatingCount": 0,
        "RatingSum": 0,
        "OneStarCount": 0,
        "TwoStarCount": 0,
        "ThreeStarCount": 0,
        "FourStarCount": 0,
        "FiveStarCount": 0,
        "Average": 0,
        "OneStarPercentage": 0,
        "TwoStarPercentage": 0,
        "ThreeStarPercentage": 0,
        "FourStarPercentage": 0,
        "FiveStarPercentage": 0
      },
      "HasProductSubs": false,
      "IsSponsoredAd": false,
      "AdID": null,
      "AdIndex": null,
      "AdStatus": null,
      "IsMarketProduct": false,
      "IsGiftable": false,
      "Vendor": null,
      "Untraceable": false,
      "ThirdPartyProductInfo": null,
      "MarketFeatures": null,
      "MarketSpecifications": null,
      "SupplyLimitSource": "StockQuantity",
      "Tags": null,
      "IsPersonalisedByPurchaseHistory": false,
      "IsFromFacetedSearch": false,
      "NextAvailabilityDate": null,
      "NumberOfSubstitutes": 0,
      "IsPrimaryVariant": false,
      "VariantGroupId": 0,
      "HasVariants": false,
      "VariantTitle": null,
      "IsTobacco": false,
      "IsB2BExtendedRangeSapCategory": false
    }
  },
  {
    "timestamp": "2024-07-09T11:35:27.431Z",
    "status": "success",
    "productURL": "https://www.woolworths.com.au/shop/productdetails/246680/amazing-oils-magnesium-active-spray",
    "product": {
      "TileID": 0,
      "Stockcode": 246680,
      "Barcode": "9354150000948",
      "GtinFormat": 13,
      "CupPrice": 20,
      "InstoreCupPrice": 20,
      "CupMeasure": "100ML",
      "CupString": "$20.00 / 100ML",
      "InstoreCupString": "$20.00 / 100ML",
      "HasCupPrice": true,
      "InstoreHasCupPrice": true,
      "Price": 40,
      "InstorePrice": 40,
      "Name": "Amazing Oils Magnesium Active Spray",
      "DisplayName": "Amazing Oils Magnesium Active Spray 200ml",
      "UrlFriendlyName": "amazing-oils-magnesium-active-spray",
      "Description": " Amazing Oils Magnesium<br>Active Spray  200ml",
      "SmallImageFile": "https://cdn0.woolworths.media/content/wowproductimages/small/246680.jpg",
      "MediumImageFile": "https://cdn0.woolworths.media/content/wowproductimages/medium/246680.jpg",
      "LargeImageFile": "https://cdn0.woolworths.media/content/wowproductimages/large/246680.jpg",
      "IsNew": false,
      "IsHalfPrice": false,
      "IsOnlineOnly": false,
      "IsOnSpecial": false,
      "InstoreIsOnSpecial": false,
      "IsEdrSpecial": false,
      "SavingsAmount": 0,
      "InstoreSavingsAmount": 0,
      "WasPrice": 40,
      "InstoreWasPrice": 40,
      "QuantityInTrolley": 0,
      "Unit": "Each",
      "MinimumQuantity": 1,
      "HasBeenBoughtBefore": false,
      "IsInTrolley": false,
      "Source": "ProductDetail",
      "SupplyLimit": 6,
      "ProductLimit": 36,
      "MaxSupplyLimitMessage": "6 item(s) left",
      "IsRanged": true,
      "IsInStock": true,
      "PackageSize": "200ml",
      "IsPmDelivery": false,
      "IsForCollection": true,
      "IsForDelivery": true,
      "IsForExpress": true,
      "ProductRestrictionMessage": null,
      "ProductWarningMessage": null,
      "CentreTag": {
        "TagContent": null,
        "TagLink": null,
        "FallbackText": null,
        "TagType": "None",
        "MultibuyData": null,
        "MemberPriceData": null,
        "TagContentText": null,
        "DualImageTagContent": null,
        "PromotionType": "NOT_SET",
        "IsRegisteredRewardCardPromotion": false
      },
      "IsCentreTag": false,
      "ImageTag": {
        "TagContent": null,
        "TagLink": null,
        "FallbackText": "",
        "TagType": "None",
        "MultibuyData": null,
        "MemberPriceData": null,
        "TagContentText": null,
        "DualImageTagContent": null,
        "PromotionType": "NOT_SET",
        "IsRegisteredRewardCardPromotion": false
      },
      "HeaderTag": null,
      "HasHeaderTag": false,
      "UnitWeightInGrams": 280,
      "SupplyLimitMessage": "'Amazing Oils Magnesium Active Spray' has a supply limit of 6. The quantity in your cart has been reduced accordingly. To purchase a larger quantity, please contact us on 1800 000 610. Please note we do not supply trade orders.",
      "SmallFormatDescription": "Amazing Oils Magnesium Active Spray ",
      "FullDescription": "Amazing Oils Magnesium Active Spray ",
      "IsAvailable": true,
      "InstoreIsAvailable": true,
      "IsPurchasable": true,
      "InstoreIsPurchasable": true,
      "AgeRestricted": false,
      "DisplayQuantity": 1,
      "RichDescription": "<p>Adding topical magnesium into your daily routine is a great way (efficacious and bio-available) to gain the benefits of magnesium and assist in preventing magnesium deficiency.<p><p>Low magnesium levels can negatively affect muscle function and lead to cramping and spasms. Magnesium helps move blood sugar into your muscles and dispose of lactate, which can build up during exercise and cause fatigue.<p>",
      "HideWasSavedPrice": false,
      "SapCategories": {
        "SapDepartmentName": "GROCERIES",
        "SapCategoryName": "HEALTH CARE",
        "SapSubCategoryName": "MEDICINAL",
        "SapSegmentName": "TOPICAL AND MUSCLE RELIEF"
      },
      "Brand": "Amazing Oils",
      "IsRestrictedByDeliveryMethod": false,
      "FooterTag": {
        "TagContent": null,
        "TagLink": null,
        "FallbackText": null,
        "TagType": "None",
        "MultibuyData": null,
        "MemberPriceData": null,
        "TagContentText": null,
        "DualImageTagContent": null,
        "PromotionType": "NOT_SET",
        "IsRegisteredRewardCardPromotion": false
      },
      "IsFooterEnabled": false,
      "Diagnostics": "0",
      "IsBundle": false,
      "IsInFamily": false,
      "ChildProducts": [],
      "UrlOverride": null,
      "AdditionalAttributes": {
        "boxedcontents": null,
        "addedvitaminsandminerals": "False",
        "sapdepartmentname": "GROCERIES",
        "spf": null,
        "haircolour": null,
        "lifestyleanddietarystatement": null,
        "sapcategoryname": "HEALTH CARE",
        "skintype": null,
        "importantinformation": null,
        "allergystatement": null,
        "productdepthmm": null,
        "skincondition": null,
        "ophthalmologistapproved": null,
        "healthstarrating": null,
        "hairtype": null,
        "fragrance-free": null,
        "sapsegmentname": "TOPICAL AND MUSCLE RELIEF",
        "suitablefor": null,
        "PiesProductDepartmentsjson": "[{\"Id\":\"1_9851658\",\"Description\":\"Health & Wellness\"}]",
        "piessubcategorynamesjson": "[\"Pain Relief\"]",
        "sapsegmentno": "2",
        "productwidthmm": null,
        "contains": null,
        "sapsubcategoryname": "MEDICINAL",
        "dermatologisttested": null,
        "wool_productpackaging": null,
        "dermatologicallyapproved": null,
        "specialsgroupid": null,
        "productimages": "246680.jpg",
        "productheightmm": null,
        "r&r_hidereviews": null,
        "microwavesafe": "False",
        "paba-free": null,
        "lifestyleclaim": null,
        "alcoholfree": null,
        "tgawarning": null,
        "activeconstituents": null,
        "microwaveable": "False",
        "soap-free": null,
        "countryoforigin": null,
        "isexcludedfromsubstitution": "False",
        "productimagecount": "1",
        "r&r_loggedinreviews": null,
        "anti-dandruff": null,
        "servingsize-total-nip": null,
        "tgahealthwarninglink": null,
        "allergenmaybepresent": null,
        "PiesProductDepartmentNodeId": "1_9851658",
        "parabenfree": "False",
        "vendorarticleid": null,
        "containsgluten": "False",
        "containsnuts": "False",
        "ingredients": "Magnesium Chloride, Aqua, Wintergreen Oil, Menthol, Arnica Extract, Chilli Extract.",
        "colour": null,
        "manufacturer": null,
        "sapcategoryno": "86",
        "storageinstructions": "25°C in a cool\ndry place away\nfrom direct\nsunlight.",
        "tgawarnings": null,
        "piesdepartmentnamesjson": "[\"Health & Wellness\"]",
        "brand": "amazing oils",
        "oilfree": null,
        "fragrance": null,
        "antibacterial": "False",
        "non-comedogenic": null,
        "antiseptic": "False",
        "bpafree": "False",
        "vendorcostprice": null,
        "description": "<p>Adding topical magnesium into your daily routine is a great way (efficacious and bio-available) to gain the benefits of magnesium and assist in preventing magnesium deficiency.<p><p>Low magnesium levels can negatively affect muscle function and lead to cramping and spasms. Magnesium helps move blood sugar into your muscles and dispose of lactate, which can build up during exercise and cause fatigue.<p>",
        "sweatresistant": null,
        "sapsubcategoryno": "662",
        "antioxidant": "False",
        "claims": null,
        "phbalanced": null,
        "wool_dietaryclaim": null,
        "ophthalmologisttested": null,
        "sulfatefree": "False",
        "servingsperpack-total-nip": null,
        "piescategorynamesjson": "[\"First Aid & Medicinal\"]",
        "nutritionalinformation": "{\"Name\":\"Nutritional Information\",\"Attributes\":[{\"Id\":702,\"Name\":\"Calcium Quantity Per 100g - Total - NIP\",\"Value\":\"0.00mg\",\"Description\":\"Calcium Quantity Per 100g - Total - NIP\",\"SortOrder\":71},{\"Id\":47,\"Name\":\"Calcium Quantity Per Serve - Total - NIP\",\"Value\":\"0.00mg\",\"Description\":\"Calcium Quantity Per Serve - Total - NIP\",\"SortOrder\":75},{\"Id\":705,\"Name\":\"Carbohydrate Quantity Per 100g - Total - NIP\",\"Value\":\"0.00g\",\"Description\":\"Carbohydrate Quantity Per 100g - Total - NIP\",\"SortOrder\":83},{\"Id\":706,\"Name\":\"Carbohydrate Quantity Per Serve - Total - NIP\",\"Value\":\"0.00g\",\"Description\":\"Carbohydrate Quantity Per Serve - Total - NIP\",\"SortOrder\":87},{\"Id\":191,\"Name\":\"Dietary Fibre Quantity Per 100g - Total - NIP\",\"Value\":\"0.00g\",\"Description\":\"Dietary Fibre Quantity Per 100g - Total - NIP\",\"SortOrder\":175},{\"Id\":120,\"Name\":\"Dietary Fibre Quantity Per Serve - Total - NIP\",\"Value\":\"0.00g\",\"Description\":\"Dietary Fibre Quantity Per Serve - Total - NIP\",\"SortOrder\":179},{\"Id\":759,\"Name\":\"Energy kJ Quantity Per 100g - Total - NIP\",\"Value\":\"0.00kJ\",\"Description\":\"Energy kJ Quantity Per 100g - Total - NIP\",\"SortOrder\":239},{\"Id\":760,\"Name\":\"Energy kJ Quantity Per Serve - Total - NIP\",\"Value\":\"0.00kJ\",\"Description\":\"Energy kJ Quantity Per Serve - Total - NIP\",\"SortOrder\":243},{\"Id\":253,\"Name\":\"Fat Saturated Quantity Per 100g - Total - NIP\",\"Value\":\"0.00g\",\"Description\":\"Fat Saturated Quantity Per 100g - Total - NIP\",\"SortOrder\":251},{\"Id\":258,\"Name\":\"Fat Saturated Quantity Per Serve - Total - NIP\",\"Value\":\"0.00g\",\"Description\":\"Fat Saturated Quantity Per Serve - Total - NIP\",\"SortOrder\":255},{\"Id\":764,\"Name\":\"Fat Total Quantity Per 100g - Total - NIP\",\"Value\":\"0.00g\",\"Description\":\"Fat Total Quantity Per 100g - Total - NIP\",\"SortOrder\":263},{\"Id\":166,\"Name\":\"Fat Total Quantity Per 100g - ValueWord - NIP\",\"Value\":\"0.00\",\"Description\":\"Fat Total Quantity Per 100g - ValueWord - NIP\",\"SortOrder\":264},{\"Id\":264,\"Name\":\"Fat Total Quantity Per Serve - Total - NIP\",\"Value\":\"0.00g\",\"Description\":\"Fat Total Quantity Per Serve - Total - NIP\",\"SortOrder\":267},{\"Id\":443,\"Name\":\"Potassium Quantity Per 100g - Total - NIP\",\"Value\":\"0.00mg\",\"Description\":\"Potassium Quantity Per 100g - Total - NIP\",\"SortOrder\":575},{\"Id\":493,\"Name\":\"Potassium Quantity Per Serve - Total - NIP\",\"Value\":\"0.00mg\",\"Description\":\"Potassium Quantity Per Serve - Total - NIP\",\"SortOrder\":579},{\"Id\":878,\"Name\":\"Protein Quantity Per 100g - Total - NIP\",\"Value\":\"0.00g\",\"Description\":\"Protein Quantity Per 100g - Total - NIP\",\"SortOrder\":587},{\"Id\":882,\"Name\":\"Protein Quantity Per Serve - Total - NIP\",\"Value\":\"0.00g\",\"Description\":\"Protein Quantity Per Serve - Total - NIP\",\"SortOrder\":591},{\"Id\":477,\"Name\":\"Serving Size - Total - NIP\",\"Value\":\"4ml\",\"Description\":\"Serving Size - Total - NIP\",\"SortOrder\":607},{\"Id\":544,\"Name\":\"Servings Per Pack - Total - NIP\",\"Value\":\"50\",\"Description\":\"Servings Per Pack - Total - NIP\",\"SortOrder\":611},{\"Id\":491,\"Name\":\"Sodium Quantity Per 100g - Total - NIP\",\"Value\":\"0.00mg\",\"Description\":\"Sodium Quantity Per 100g - Total - NIP\",\"SortOrder\":623},{\"Id\":495,\"Name\":\"Sodium Quantity Per Serve - Total - NIP\",\"Value\":\"0.00mg\",\"Description\":\"Sodium Quantity Per Serve - Total - NIP\",\"SortOrder\":627},{\"Id\":908,\"Name\":\"Sugars Quantity Per 100g - SuffixUnits - NIP\",\"Value\":\"g\",\"Description\":\"Sugars Quantity Per 100g - SuffixUnits - NIP\",\"SortOrder\":646},{\"Id\":909,\"Name\":\"Sugars Quantity Per 100g - Total - NIP\",\"Value\":\"0.00g\",\"Description\":\"Sugars Quantity Per 100g - Total - NIP\",\"SortOrder\":647},{\"Id\":910,\"Name\":\"Sugars Quantity Per 100g - ValueWord - NIP\",\"Value\":\"0.00\",\"Description\":\"Sugars Quantity Per 100g - ValueWord - NIP\",\"SortOrder\":648},{\"Id\":911,\"Name\":\"Sugars Quantity Per Serve - SuffixUnits - NIP\",\"Value\":\"g\",\"Description\":\"Sugars Quantity Per Serve - SuffixUnits - NIP\",\"SortOrder\":650},{\"Id\":912,\"Name\":\"Sugars Quantity Per Serve - Total - NIP\",\"Value\":\"0.00g\",\"Description\":\"Sugars Quantity Per Serve - Total - NIP\",\"SortOrder\":651},{\"Id\":572,\"Name\":\"Sugars Quantity Per Serve - ValueWord - NIP\",\"Value\":\"0.00\",\"Description\":\"Sugars Quantity Per Serve - ValueWord - NIP\",\"SortOrder\":652}]}",
        "ovencook": "False",
        "vegetarian": "False",
        "hypo-allergenic": null,
        "timer": null,
        "dermatologistrecommended": null,
        "sapdepartmentno": "5",
        "allergencontains": null,
        "waterresistant": null,
        "friendlydisclaimer": null,
        "recyclableinformation": null,
        "usageinstructions": null,
        "freezable": "False"
      },
      "DetailsImagePaths": [
        "https://cdn0.woolworths.media/content/wowproductimages/large/246680.jpg"
      ],
      "Variety": null,
      "Rating": {
        "ReviewCount": 0,
        "RatingCount": 0,
        "RatingSum": 0,
        "OneStarCount": 0,
        "TwoStarCount": 0,
        "ThreeStarCount": 0,
        "FourStarCount": 0,
        "FiveStarCount": 0,
        "Average": 0,
        "OneStarPercentage": 0,
        "TwoStarPercentage": 0,
        "ThreeStarPercentage": 0,
        "FourStarPercentage": 0,
        "FiveStarPercentage": 0
      },
      "HasProductSubs": false,
      "IsSponsoredAd": false,
      "AdID": null,
      "AdIndex": null,
      "AdStatus": null,
      "IsMarketProduct": false,
      "IsGiftable": false,
      "Vendor": null,
      "Untraceable": false,
      "ThirdPartyProductInfo": null,
      "MarketFeatures": null,
      "MarketSpecifications": null,
      "SupplyLimitSource": "StockQuantity",
      "Tags": null,
      "IsPersonalisedByPurchaseHistory": false,
      "IsFromFacetedSearch": false,
      "NextAvailabilityDate": "2024-07-11T00:00:00.0000000Z",
      "NumberOfSubstitutes": 0,
      "IsPrimaryVariant": false,
      "VariantGroupId": 0,
      "HasVariants": false,
      "VariantTitle": null,
      "IsTobacco": false,
      "IsB2BExtendedRangeSapCategory": false
    }
  },
  {
    "timestamp": "2024-07-09T11:35:27.809Z",
    "status": "success",
    "productURL": "https://www.woolworths.com.au/shop/productdetails/246853/amazing-oils-magnesium-daily-gel-pure-magnesium-gel",
    "product": {
      "TileID": 0,
      "Stockcode": 246853,
      "Barcode": "9354150000450",
      "GtinFormat": 13,
      "CupPrice": 20,
      "InstoreCupPrice": 20,
      "CupMeasure": "100ML",
      "CupString": "$20.00 / 100ML",
      "InstoreCupString": "$20.00 / 100ML",
      "HasCupPrice": true,
      "InstoreHasCupPrice": true,
      "Price": 12,
      "InstorePrice": 12,
      "Name": "Amazing Oils Magnesium Daily Gel Pure Magnesium Gel",
      "DisplayName": "Amazing Oils Magnesium Daily Gel Pure Magnesium Gel 60ml",
      "UrlFriendlyName": "amazing-oils-magnesium-daily-gel-pure-magnesium-gel",
      "Description": " Amazing Oils Magnesium Daily<br>Gel Pure Magnesium... 60ml",
      "SmallImageFile": "https://cdn0.woolworths.media/content/wowproductimages/small/246853.jpg",
      "MediumImageFile": "https://cdn0.woolworths.media/content/wowproductimages/medium/246853.jpg",
      "LargeImageFile": "https://cdn0.woolworths.media/content/wowproductimages/large/246853.jpg",
      "IsNew": false,
      "IsHalfPrice": false,
      "IsOnlineOnly": false,
      "IsOnSpecial": false,
      "InstoreIsOnSpecial": false,
      "IsEdrSpecial": false,
      "SavingsAmount": 0,
      "InstoreSavingsAmount": 0,
      "WasPrice": 12,
      "InstoreWasPrice": 12,
      "QuantityInTrolley": 0,
      "Unit": "Each",
      "MinimumQuantity": 1,
      "HasBeenBoughtBefore": false,
      "IsInTrolley": false,
      "Source": "ProductDetail",
      "SupplyLimit": 4,
      "ProductLimit": 36,
      "MaxSupplyLimitMessage": "4 item(s) left",
      "IsRanged": true,
      "IsInStock": true,
      "PackageSize": "60ml",
      "IsPmDelivery": false,
      "IsForCollection": true,
      "IsForDelivery": true,
      "IsForExpress": true,
      "ProductRestrictionMessage": null,
      "ProductWarningMessage": null,
      "CentreTag": {
        "TagContent": null,
        "TagLink": null,
        "FallbackText": null,
        "TagType": "None",
        "MultibuyData": null,
        "MemberPriceData": null,
        "TagContentText": null,
        "DualImageTagContent": null,
        "PromotionType": "NOT_SET",
        "IsRegisteredRewardCardPromotion": false
      },
      "IsCentreTag": false,
      "ImageTag": {
        "TagContent": null,
        "TagLink": null,
        "FallbackText": "",
        "TagType": "None",
        "MultibuyData": null,
        "MemberPriceData": null,
        "TagContentText": null,
        "DualImageTagContent": null,
        "PromotionType": "NOT_SET",
        "IsRegisteredRewardCardPromotion": false
      },
      "HeaderTag": null,
      "HasHeaderTag": false,
      "UnitWeightInGrams": 78,
      "SupplyLimitMessage": "'Amazing Oils Magnesium Daily Gel Pure Magnesium Gel' has a supply limit of 4. The quantity in your cart has been reduced accordingly. To purchase a larger quantity, please contact us on 1800 000 610. Please note we do not supply trade orders.",
      "SmallFormatDescription": "Amazing Oils Magnesium Daily Gel Pure Magnesium Gel",
      "FullDescription": "Amazing Oils Magnesium Daily Gel Pure Magnesium Gel",
      "IsAvailable": true,
      "InstoreIsAvailable": true,
      "IsPurchasable": true,
      "InstoreIsPurchasable": true,
      "AgeRestricted": false,
      "DisplayQuantity": 1,
      "RichDescription": "<p><span style=\"font-size: 17px; font-family: Muli, sans-serif; color: rgb(77, 77, 79);\">Adding topical magnesium into your daily routine is a great way (efficacious & bio-available) to gain the benefits of magnesium and assist in preventing magnesium deficiency.<span><p>",
      "HideWasSavedPrice": false,
      "SapCategories": {
        "SapDepartmentName": "GROCERIES",
        "SapCategoryName": "HEALTH CARE",
        "SapSubCategoryName": "MEDICINAL",
        "SapSegmentName": "TOPICAL AND MUSCLE RELIEF"
      },
      "Brand": "Amazing Oils",
      "IsRestrictedByDeliveryMethod": false,
      "FooterTag": {
        "TagContent": null,
        "TagLink": null,
        "FallbackText": null,
        "TagType": "None",
        "MultibuyData": null,
        "MemberPriceData": null,
        "TagContentText": null,
        "DualImageTagContent": null,
        "PromotionType": "NOT_SET",
        "IsRegisteredRewardCardPromotion": false
      },
      "IsFooterEnabled": false,
      "Diagnostics": "0",
      "IsBundle": false,
      "IsInFamily": false,
      "ChildProducts": [],
      "UrlOverride": null,
      "AdditionalAttributes": {
        "boxedcontents": null,
        "addedvitaminsandminerals": "False",
        "sapdepartmentname": "GROCERIES",
        "spf": null,
        "haircolour": null,
        "lifestyleanddietarystatement": null,
        "sapcategoryname": "HEALTH CARE",
        "skintype": null,
        "importantinformation": null,
        "allergystatement": null,
        "productdepthmm": null,
        "skincondition": null,
        "ophthalmologistapproved": null,
        "healthstarrating": null,
        "hairtype": null,
        "fragrance-free": null,
        "sapsegmentname": "TOPICAL AND MUSCLE RELIEF",
        "suitablefor": null,
        "PiesProductDepartmentsjson": "[{\"Id\":\"1_9851658\",\"Description\":\"Health & Wellness\"}]",
        "piessubcategorynamesjson": "[\"Pain Relief\"]",
        "sapsegmentno": "2",
        "productwidthmm": null,
        "contains": null,
        "sapsubcategoryname": "MEDICINAL",
        "dermatologisttested": null,
        "wool_productpackaging": null,
        "dermatologicallyapproved": null,
        "specialsgroupid": null,
        "productimages": "246853.jpg,246853_2.jpg,246853_4.jpg",
        "productheightmm": null,
        "r&r_hidereviews": null,
        "microwavesafe": "False",
        "paba-free": null,
        "lifestyleclaim": null,
        "alcoholfree": null,
        "tgawarning": null,
        "activeconstituents": null,
        "microwaveable": "False",
        "soap-free": null,
        "countryoforigin": null,
        "isexcludedfromsubstitution": "False",
        "productimagecount": "3",
        "r&r_loggedinreviews": null,
        "anti-dandruff": null,
        "servingsize-total-nip": null,
        "tgahealthwarninglink": null,
        "allergenmaybepresent": null,
        "PiesProductDepartmentNodeId": "1_9851658",
        "parabenfree": "False",
        "vendorarticleid": null,
        "containsgluten": "False",
        "containsnuts": "False",
        "ingredients": "Magnesium Chloride, Xanthan Gum.",
        "colour": null,
        "manufacturer": null,
        "sapcategoryno": "86",
        "storageinstructions": "Store below\n25°C in a cool\ndry place away\nfrom direct\nsunlight.",
        "tgawarnings": null,
        "piesdepartmentnamesjson": "[\"Health & Wellness\"]",
        "brand": "amazing oils",
        "oilfree": null,
        "fragrance": null,
        "antibacterial": "False",
        "non-comedogenic": null,
        "antiseptic": "False",
        "bpafree": "False",
        "vendorcostprice": null,
        "description": "<p><span style=\"font-size: 17px; font-family: Muli, sans-serif; color: rgb(77, 77, 79);\">Adding topical magnesium into your daily routine is a great way (efficacious & bio-available) to gain the benefits of magnesium and assist in preventing magnesium deficiency.<span><p>",
        "sweatresistant": null,
        "sapsubcategoryno": "662",
        "antioxidant": "False",
        "claims": null,
        "phbalanced": null,
        "wool_dietaryclaim": null,
        "ophthalmologisttested": null,
        "sulfatefree": "False",
        "servingsperpack-total-nip": null,
        "piescategorynamesjson": "[\"First Aid & Medicinal\"]",
        "nutritionalinformation": "{\"Name\":\"Nutritional Information\",\"Attributes\":[{\"Id\":702,\"Name\":\"Calcium Quantity Per 100g - Total - NIP\",\"Value\":\"0.00mg\",\"Description\":\"Calcium Quantity Per 100g - Total - NIP\",\"SortOrder\":71},{\"Id\":47,\"Name\":\"Calcium Quantity Per Serve - Total - NIP\",\"Value\":\"0.00mg\",\"Description\":\"Calcium Quantity Per Serve - Total - NIP\",\"SortOrder\":75},{\"Id\":705,\"Name\":\"Carbohydrate Quantity Per 100g - Total - NIP\",\"Value\":\"0.00g\",\"Description\":\"Carbohydrate Quantity Per 100g - Total - NIP\",\"SortOrder\":83},{\"Id\":706,\"Name\":\"Carbohydrate Quantity Per Serve - Total - NIP\",\"Value\":\"0.00g\",\"Description\":\"Carbohydrate Quantity Per Serve - Total - NIP\",\"SortOrder\":87},{\"Id\":191,\"Name\":\"Dietary Fibre Quantity Per 100g - Total - NIP\",\"Value\":\"0.00g\",\"Description\":\"Dietary Fibre Quantity Per 100g - Total - NIP\",\"SortOrder\":175},{\"Id\":120,\"Name\":\"Dietary Fibre Quantity Per Serve - Total - NIP\",\"Value\":\"0.00g\",\"Description\":\"Dietary Fibre Quantity Per Serve - Total - NIP\",\"SortOrder\":179},{\"Id\":759,\"Name\":\"Energy kJ Quantity Per 100g - Total - NIP\",\"Value\":\"0.00kJ\",\"Description\":\"Energy kJ Quantity Per 100g - Total - NIP\",\"SortOrder\":239},{\"Id\":760,\"Name\":\"Energy kJ Quantity Per Serve - Total - NIP\",\"Value\":\"0.00kJ\",\"Description\":\"Energy kJ Quantity Per Serve - Total - NIP\",\"SortOrder\":243},{\"Id\":253,\"Name\":\"Fat Saturated Quantity Per 100g - Total - NIP\",\"Value\":\"0.00g\",\"Description\":\"Fat Saturated Quantity Per 100g - Total - NIP\",\"SortOrder\":251},{\"Id\":258,\"Name\":\"Fat Saturated Quantity Per Serve - Total - NIP\",\"Value\":\"0.00g\",\"Description\":\"Fat Saturated Quantity Per Serve - Total - NIP\",\"SortOrder\":255},{\"Id\":764,\"Name\":\"Fat Total Quantity Per 100g - Total - NIP\",\"Value\":\"0.00g\",\"Description\":\"Fat Total Quantity Per 100g - Total - NIP\",\"SortOrder\":263},{\"Id\":166,\"Name\":\"Fat Total Quantity Per 100g - ValueWord - NIP\",\"Value\":\"0.00\",\"Description\":\"Fat Total Quantity Per 100g - ValueWord - NIP\",\"SortOrder\":264},{\"Id\":264,\"Name\":\"Fat Total Quantity Per Serve - Total - NIP\",\"Value\":\"0.00g\",\"Description\":\"Fat Total Quantity Per Serve - Total - NIP\",\"SortOrder\":267},{\"Id\":443,\"Name\":\"Potassium Quantity Per 100g - Total - NIP\",\"Value\":\"0.00mg\",\"Description\":\"Potassium Quantity Per 100g - Total - NIP\",\"SortOrder\":575},{\"Id\":493,\"Name\":\"Potassium Quantity Per Serve - Total - NIP\",\"Value\":\"0.00mg\",\"Description\":\"Potassium Quantity Per Serve - Total - NIP\",\"SortOrder\":579},{\"Id\":878,\"Name\":\"Protein Quantity Per 100g - Total - NIP\",\"Value\":\"0.00g\",\"Description\":\"Protein Quantity Per 100g - Total - NIP\",\"SortOrder\":587},{\"Id\":882,\"Name\":\"Protein Quantity Per Serve - Total - NIP\",\"Value\":\"0.00g\",\"Description\":\"Protein Quantity Per Serve - Total - NIP\",\"SortOrder\":591},{\"Id\":477,\"Name\":\"Serving Size - Total - NIP\",\"Value\":\"3.00ml\",\"Description\":\"Serving Size - Total - NIP\",\"SortOrder\":607},{\"Id\":544,\"Name\":\"Servings Per Pack - Total - NIP\",\"Value\":\"20.00\",\"Description\":\"Servings Per Pack - Total - NIP\",\"SortOrder\":611},{\"Id\":491,\"Name\":\"Sodium Quantity Per 100g - Total - NIP\",\"Value\":\"0.00mg\",\"Description\":\"Sodium Quantity Per 100g - Total - NIP\",\"SortOrder\":623},{\"Id\":495,\"Name\":\"Sodium Quantity Per Serve - Total - NIP\",\"Value\":\"0.00mg\",\"Description\":\"Sodium Quantity Per Serve - Total - NIP\",\"SortOrder\":627},{\"Id\":908,\"Name\":\"Sugars Quantity Per 100g - SuffixUnits - NIP\",\"Value\":\"g\",\"Description\":\"Sugars Quantity Per 100g - SuffixUnits - NIP\",\"SortOrder\":646},{\"Id\":909,\"Name\":\"Sugars Quantity Per 100g - Total - NIP\",\"Value\":\"0.00g\",\"Description\":\"Sugars Quantity Per 100g - Total - NIP\",\"SortOrder\":647},{\"Id\":910,\"Name\":\"Sugars Quantity Per 100g - ValueWord - NIP\",\"Value\":\"0.00\",\"Description\":\"Sugars Quantity Per 100g - ValueWord - NIP\",\"SortOrder\":648},{\"Id\":911,\"Name\":\"Sugars Quantity Per Serve - SuffixUnits - NIP\",\"Value\":\"g\",\"Description\":\"Sugars Quantity Per Serve - SuffixUnits - NIP\",\"SortOrder\":650},{\"Id\":912,\"Name\":\"Sugars Quantity Per Serve - Total - NIP\",\"Value\":\"0.00g\",\"Description\":\"Sugars Quantity Per Serve - Total - NIP\",\"SortOrder\":651},{\"Id\":572,\"Name\":\"Sugars Quantity Per Serve - ValueWord - NIP\",\"Value\":\"0.00\",\"Description\":\"Sugars Quantity Per Serve - ValueWord - NIP\",\"SortOrder\":652}]}",
        "ovencook": "False",
        "vegetarian": "False",
        "hypo-allergenic": null,
        "timer": null,
        "dermatologistrecommended": null,
        "sapdepartmentno": "5",
        "allergencontains": null,
        "waterresistant": null,
        "friendlydisclaimer": null,
        "recyclableinformation": null,
        "usageinstructions": null,
        "freezable": "False"
      },
      "DetailsImagePaths": [
        "https://cdn0.woolworths.media/content/wowproductimages/large/246853.jpg",
        "https://cdn0.woolworths.media/content/wowproductimages/large/246853_2.jpg",
        "https://cdn0.woolworths.media/content/wowproductimages/large/246853_4.jpg"
      ],
      "Variety": "Pure Magnesium Gel",
      "Rating": {
        "ReviewCount": 0,
        "RatingCount": 0,
        "RatingSum": 0,
        "OneStarCount": 0,
        "TwoStarCount": 0,
        "ThreeStarCount": 0,
        "FourStarCount": 0,
        "FiveStarCount": 0,
        "Average": 0,
        "OneStarPercentage": 0,
        "TwoStarPercentage": 0,
        "ThreeStarPercentage": 0,
        "FourStarPercentage": 0,
        "FiveStarPercentage": 0
      },
      "HasProductSubs": false,
      "IsSponsoredAd": false,
      "AdID": null,
      "AdIndex": null,
      "AdStatus": null,
      "IsMarketProduct": false,
      "IsGiftable": false,
      "Vendor": null,
      "Untraceable": false,
      "ThirdPartyProductInfo": null,
      "MarketFeatures": null,
      "MarketSpecifications": null,
      "SupplyLimitSource": "StockQuantity",
      "Tags": null,
      "IsPersonalisedByPurchaseHistory": false,
      "IsFromFacetedSearch": false,
      "NextAvailabilityDate": "2024-07-11T00:00:00.0000000Z",
      "NumberOfSubstitutes": 0,
      "IsPrimaryVariant": false,
      "VariantGroupId": 0,
      "HasVariants": false,
      "VariantTitle": null,
      "IsTobacco": false,
      "IsB2BExtendedRangeSapCategory": false
    }
  },
  {
    "timestamp": "2024-07-09T11:35:28.009Z",
    "status": "success",
    "productURL": "https://www.woolworths.com.au/shop/productdetails/246794/amazing-oils-magnesium-sleep-bath-flakes-lavender-chamomile",
    "product": {
      "TileID": 0,
      "Stockcode": 246794,
      "Barcode": "9354150000771",
      "GtinFormat": 13,
      "CupPrice": 2,
      "InstoreCupPrice": 2,
      "CupMeasure": "100G",
      "CupString": "$2.00 / 100G",
      "InstoreCupString": "$2.00 / 100G",
      "HasCupPrice": true,
      "InstoreHasCupPrice": true,
      "Price": 40,
      "InstorePrice": 40,
      "Name": "Amazing Oils Magnesium Sleep Bath Flakes Lavender & Chamomile",
      "DisplayName": "Amazing Oils Magnesium Sleep Bath Flakes Lavender & Chamomile 2kg",
      "UrlFriendlyName": "amazing-oils-magnesium-sleep-bath-flakes-lavender-chamomile",
      "Description": " Amazing Oils Magnesium Sleep<br>Bath Flakes Lavender... 2kg",
      "SmallImageFile": "https://cdn0.woolworths.media/content/wowproductimages/small/246794.jpg",
      "MediumImageFile": "https://cdn0.woolworths.media/content/wowproductimages/medium/246794.jpg",
      "LargeImageFile": "https://cdn0.woolworths.media/content/wowproductimages/large/246794.jpg",
      "IsNew": false,
      "IsHalfPrice": false,
      "IsOnlineOnly": false,
      "IsOnSpecial": false,
      "InstoreIsOnSpecial": false,
      "IsEdrSpecial": false,
      "SavingsAmount": 0,
      "InstoreSavingsAmount": 0,
      "WasPrice": 40,
      "InstoreWasPrice": 40,
      "QuantityInTrolley": 0,
      "Unit": "Each",
      "MinimumQuantity": 1,
      "HasBeenBoughtBefore": false,
      "IsInTrolley": false,
      "Source": "ProductDetail",
      "SupplyLimit": 4,
      "ProductLimit": 36,
      "MaxSupplyLimitMessage": "4 item(s) left",
      "IsRanged": true,
      "IsInStock": true,
      "PackageSize": "2kg",
      "IsPmDelivery": false,
      "IsForCollection": true,
      "IsForDelivery": true,
      "IsForExpress": true,
      "ProductRestrictionMessage": null,
      "ProductWarningMessage": null,
      "CentreTag": {
        "TagContent": null,
        "TagLink": null,
        "FallbackText": null,
        "TagType": "None",
        "MultibuyData": null,
        "MemberPriceData": null,
        "TagContentText": null,
        "DualImageTagContent": null,
        "PromotionType": "NOT_SET",
        "IsRegisteredRewardCardPromotion": false
      },
      "IsCentreTag": false,
      "ImageTag": {
        "TagContent": null,
        "TagLink": null,
        "FallbackText": "",
        "TagType": "None",
        "MultibuyData": null,
        "MemberPriceData": null,
        "TagContentText": null,
        "DualImageTagContent": null,
        "PromotionType": "NOT_SET",
        "IsRegisteredRewardCardPromotion": false
      },
      "HeaderTag": null,
      "HasHeaderTag": false,
      "UnitWeightInGrams": 215,
      "SupplyLimitMessage": "'Amazing Oils Magnesium Sleep Bath Flakes Lavender & Chamomile' has a supply limit of 4. The quantity in your cart has been reduced accordingly. To purchase a larger quantity, please contact us on 1800 000 610. Please note we do not supply trade orders.",
      "SmallFormatDescription": "Amazing Oils Magnesium Sleep Bath Flakes Lavender & Chamomile",
      "FullDescription": "Amazing Oils Magnesium Sleep Bath Flakes Lavender & Chamomile",
      "IsAvailable": true,
      "InstoreIsAvailable": true,
      "IsPurchasable": true,
      "InstoreIsPurchasable": true,
      "AgeRestricted": false,
      "DisplayQuantity": 1,
      "RichDescription": null,
      "HideWasSavedPrice": false,
      "SapCategories": {
        "SapDepartmentName": "GROCERIES",
        "SapCategoryName": "HEALTH CARE",
        "SapSubCategoryName": "MEDICINAL",
        "SapSegmentName": "TOPICAL AND MUSCLE RELIEF"
      },
      "Brand": "Amazing Oils",
      "IsRestrictedByDeliveryMethod": false,
      "FooterTag": {
        "TagContent": null,
        "TagLink": null,
        "FallbackText": null,
        "TagType": "None",
        "MultibuyData": null,
        "MemberPriceData": null,
        "TagContentText": null,
        "DualImageTagContent": null,
        "PromotionType": "NOT_SET",
        "IsRegisteredRewardCardPromotion": false
      },
      "IsFooterEnabled": false,
      "Diagnostics": "0",
      "IsBundle": false,
      "IsInFamily": false,
      "ChildProducts": [],
      "UrlOverride": null,
      "AdditionalAttributes": {
        "boxedcontents": null,
        "addedvitaminsandminerals": "False",
        "sapdepartmentname": "GROCERIES",
        "spf": null,
        "haircolour": null,
        "lifestyleanddietarystatement": null,
        "sapcategoryname": "HEALTH CARE",
        "skintype": null,
        "importantinformation": null,
        "allergystatement": null,
        "productdepthmm": null,
        "skincondition": null,
        "ophthalmologistapproved": null,
        "healthstarrating": null,
        "hairtype": null,
        "fragrance-free": null,
        "sapsegmentname": "TOPICAL AND MUSCLE RELIEF",
        "suitablefor": null,
        "PiesProductDepartmentsjson": "[{\"Id\":\"1_9851658\",\"Description\":\"Health & Wellness\"}]",
        "piessubcategorynamesjson": "[\"Pain Relief\"]",
        "sapsegmentno": "2",
        "productwidthmm": null,
        "contains": null,
        "sapsubcategoryname": "MEDICINAL",
        "dermatologisttested": null,
        "wool_productpackaging": null,
        "dermatologicallyapproved": null,
        "specialsgroupid": null,
        "productimages": "246794.jpg,246794_2.jpg",
        "productheightmm": null,
        "r&r_hidereviews": null,
        "microwavesafe": "False",
        "paba-free": null,
        "lifestyleclaim": null,
        "alcoholfree": null,
        "tgawarning": null,
        "activeconstituents": null,
        "microwaveable": "False",
        "soap-free": null,
        "countryoforigin": null,
        "isexcludedfromsubstitution": "False",
        "productimagecount": "2",
        "r&r_loggedinreviews": null,
        "anti-dandruff": null,
        "servingsize-total-nip": null,
        "tgahealthwarninglink": null,
        "allergenmaybepresent": null,
        "PiesProductDepartmentNodeId": "1_9851658",
        "parabenfree": "False",
        "vendorarticleid": null,
        "containsgluten": "False",
        "containsnuts": "False",
        "ingredients": "Magnesium Chloride, Lavender Essential Oil, Chamomile Essential Oil.",
        "colour": null,
        "manufacturer": null,
        "sapcategoryno": "86",
        "storageinstructions": "Store below 25oC\nin a cool dry place\naway from direct\nsunlight.",
        "tgawarnings": null,
        "piesdepartmentnamesjson": "[\"Health & Wellness\"]",
        "brand": "amazing oils",
        "oilfree": null,
        "fragrance": null,
        "antibacterial": "False",
        "non-comedogenic": null,
        "antiseptic": "False",
        "bpafree": "False",
        "vendorcostprice": null,
        "description": null,
        "sweatresistant": null,
        "sapsubcategoryno": "662",
        "antioxidant": "False",
        "claims": null,
        "phbalanced": null,
        "wool_dietaryclaim": null,
        "ophthalmologisttested": null,
        "sulfatefree": "False",
        "servingsperpack-total-nip": null,
        "piescategorynamesjson": "[\"First Aid & Medicinal\"]",
        "nutritionalinformation": "{\"Name\":\"Nutritional Information\",\"Attributes\":[{\"Id\":702,\"Name\":\"Calcium Quantity Per 100g - Total - NIP\",\"Value\":\"0.00mg\",\"Description\":\"Calcium Quantity Per 100g - Total - NIP\",\"SortOrder\":71},{\"Id\":47,\"Name\":\"Calcium Quantity Per Serve - Total - NIP\",\"Value\":\"0.00mg\",\"Description\":\"Calcium Quantity Per Serve - Total - NIP\",\"SortOrder\":75},{\"Id\":705,\"Name\":\"Carbohydrate Quantity Per 100g - Total - NIP\",\"Value\":\"0.00g\",\"Description\":\"Carbohydrate Quantity Per 100g - Total - NIP\",\"SortOrder\":83},{\"Id\":706,\"Name\":\"Carbohydrate Quantity Per Serve - Total - NIP\",\"Value\":\"0.00g\",\"Description\":\"Carbohydrate Quantity Per Serve - Total - NIP\",\"SortOrder\":87},{\"Id\":191,\"Name\":\"Dietary Fibre Quantity Per 100g - Total - NIP\",\"Value\":\"0.00g\",\"Description\":\"Dietary Fibre Quantity Per 100g - Total - NIP\",\"SortOrder\":175},{\"Id\":120,\"Name\":\"Dietary Fibre Quantity Per Serve - Total - NIP\",\"Value\":\"0.00g\",\"Description\":\"Dietary Fibre Quantity Per Serve - Total - NIP\",\"SortOrder\":179},{\"Id\":759,\"Name\":\"Energy kJ Quantity Per 100g - Total - NIP\",\"Value\":\"0.00kJ\",\"Description\":\"Energy kJ Quantity Per 100g - Total - NIP\",\"SortOrder\":239},{\"Id\":760,\"Name\":\"Energy kJ Quantity Per Serve - Total - NIP\",\"Value\":\"0.00kJ\",\"Description\":\"Energy kJ Quantity Per Serve - Total - NIP\",\"SortOrder\":243},{\"Id\":253,\"Name\":\"Fat Saturated Quantity Per 100g - Total - NIP\",\"Value\":\"0.00g\",\"Description\":\"Fat Saturated Quantity Per 100g - Total - NIP\",\"SortOrder\":251},{\"Id\":258,\"Name\":\"Fat Saturated Quantity Per Serve - Total - NIP\",\"Value\":\"0.00g\",\"Description\":\"Fat Saturated Quantity Per Serve - Total - NIP\",\"SortOrder\":255},{\"Id\":764,\"Name\":\"Fat Total Quantity Per 100g - Total - NIP\",\"Value\":\"0.00g\",\"Description\":\"Fat Total Quantity Per 100g - Total - NIP\",\"SortOrder\":263},{\"Id\":166,\"Name\":\"Fat Total Quantity Per 100g - ValueWord - NIP\",\"Value\":\"0.00\",\"Description\":\"Fat Total Quantity Per 100g - ValueWord - NIP\",\"SortOrder\":264},{\"Id\":264,\"Name\":\"Fat Total Quantity Per Serve - Total - NIP\",\"Value\":\"0.00g\",\"Description\":\"Fat Total Quantity Per Serve - Total - NIP\",\"SortOrder\":267},{\"Id\":443,\"Name\":\"Potassium Quantity Per 100g - Total - NIP\",\"Value\":\"0.00mg\",\"Description\":\"Potassium Quantity Per 100g - Total - NIP\",\"SortOrder\":575},{\"Id\":493,\"Name\":\"Potassium Quantity Per Serve - Total - NIP\",\"Value\":\"0.00mg\",\"Description\":\"Potassium Quantity Per Serve - Total - NIP\",\"SortOrder\":579},{\"Id\":878,\"Name\":\"Protein Quantity Per 100g - Total - NIP\",\"Value\":\"0.00g\",\"Description\":\"Protein Quantity Per 100g - Total - NIP\",\"SortOrder\":587},{\"Id\":882,\"Name\":\"Protein Quantity Per Serve - Total - NIP\",\"Value\":\"0.00g\",\"Description\":\"Protein Quantity Per Serve - Total - NIP\",\"SortOrder\":591},{\"Id\":477,\"Name\":\"Serving Size - Total - NIP\",\"Value\":\"100g\",\"Description\":\"Serving Size - Total - NIP\",\"SortOrder\":607},{\"Id\":544,\"Name\":\"Servings Per Pack - Total - NIP\",\"Value\":\"20\",\"Description\":\"Servings Per Pack - Total - NIP\",\"SortOrder\":611},{\"Id\":491,\"Name\":\"Sodium Quantity Per 100g - Total - NIP\",\"Value\":\"0.00mg\",\"Description\":\"Sodium Quantity Per 100g - Total - NIP\",\"SortOrder\":623},{\"Id\":495,\"Name\":\"Sodium Quantity Per Serve - Total - NIP\",\"Value\":\"0.00mg\",\"Description\":\"Sodium Quantity Per Serve - Total - NIP\",\"SortOrder\":627},{\"Id\":908,\"Name\":\"Sugars Quantity Per 100g - SuffixUnits - NIP\",\"Value\":\"g\",\"Description\":\"Sugars Quantity Per 100g - SuffixUnits - NIP\",\"SortOrder\":646},{\"Id\":909,\"Name\":\"Sugars Quantity Per 100g - Total - NIP\",\"Value\":\"0.00g\",\"Description\":\"Sugars Quantity Per 100g - Total - NIP\",\"SortOrder\":647},{\"Id\":910,\"Name\":\"Sugars Quantity Per 100g - ValueWord - NIP\",\"Value\":\"0.00\",\"Description\":\"Sugars Quantity Per 100g - ValueWord - NIP\",\"SortOrder\":648},{\"Id\":911,\"Name\":\"Sugars Quantity Per Serve - SuffixUnits - NIP\",\"Value\":\"g\",\"Description\":\"Sugars Quantity Per Serve - SuffixUnits - NIP\",\"SortOrder\":650},{\"Id\":912,\"Name\":\"Sugars Quantity Per Serve - Total - NIP\",\"Value\":\"0.00g\",\"Description\":\"Sugars Quantity Per Serve - Total - NIP\",\"SortOrder\":651},{\"Id\":572,\"Name\":\"Sugars Quantity Per Serve - ValueWord - NIP\",\"Value\":\"0.00\",\"Description\":\"Sugars Quantity Per Serve - ValueWord - NIP\",\"SortOrder\":652}]}",
        "ovencook": "False",
        "vegetarian": "False",
        "hypo-allergenic": null,
        "timer": null,
        "dermatologistrecommended": null,
        "sapdepartmentno": "5",
        "allergencontains": null,
        "waterresistant": null,
        "friendlydisclaimer": null,
        "recyclableinformation": null,
        "usageinstructions": null,
        "freezable": "False"
      },
      "DetailsImagePaths": [
        "https://cdn0.woolworths.media/content/wowproductimages/large/246794.jpg",
        "https://cdn0.woolworths.media/content/wowproductimages/large/246794_2.jpg"
      ],
      "Variety": "Lavender & Chamomile",
      "Rating": {
        "ReviewCount": 0,
        "RatingCount": 0,
        "RatingSum": 0,
        "OneStarCount": 0,
        "TwoStarCount": 0,
        "ThreeStarCount": 0,
        "FourStarCount": 0,
        "FiveStarCount": 0,
        "Average": 0,
        "OneStarPercentage": 0,
        "TwoStarPercentage": 0,
        "ThreeStarPercentage": 0,
        "FourStarPercentage": 0,
        "FiveStarPercentage": 0
      },
      "HasProductSubs": false,
      "IsSponsoredAd": false,
      "AdID": null,
      "AdIndex": null,
      "AdStatus": null,
      "IsMarketProduct": false,
      "IsGiftable": false,
      "Vendor": null,
      "Untraceable": false,
      "ThirdPartyProductInfo": null,
      "MarketFeatures": null,
      "MarketSpecifications": null,
      "SupplyLimitSource": "StockQuantity",
      "Tags": null,
      "IsPersonalisedByPurchaseHistory": false,
      "IsFromFacetedSearch": false,
      "NextAvailabilityDate": "2024-07-11T00:00:00.0000000Z",
      "NumberOfSubstitutes": 0,
      "IsPrimaryVariant": false,
      "VariantGroupId": 0,
      "HasVariants": false,
      "VariantTitle": null,
      "IsTobacco": false,
      "IsB2BExtendedRangeSapCategory": false
    }
  }
]